3042 4592
722 257 916 328 ...16-

262 465 365 534 tionis
393 466 449 534 vel
482 464 644 532 sermonis
673 465 781 531 verbo
803 483 903 551 saepe
925 462 1097 530 sententio
1124 463 1191 528 iem
1216 460 1393 529 ornavisse

262 568 318 636 vel
340 590 382 634 ex
404 567 457 635 hie
479 566 601 633 Iliadis
631 566 714 632 loeis
743 570 858 653 putet:
894 565 922 646 Ι,
945 566 1018 636 218.
1042 565 1089 647 Π,
1118 566 1192 634 204.
1214 565 1288 634 205.
1321 563 1391 647 ΙΙΙ,

264 672 443 741 108-110.
477 671 520 754 X,
553 670 617 739 224
627 669 733 740 -226,
789 667 997 754 Quocunque
1033 672 1148 734 eutem
1178 667 1274 734 modo
1305 666 1393 732 haec

261 796 316 840 res
338 796 372 840 se
395 773 508 856 habet,
536 771 572 837 id
594 771 728 858 quidem
751 776 882 838 certum
911 771 997 837 mihi
1018 771 1157 838 videtur
1179 768 1391 836 Herodotum

262 899 370 967 neque
392 878 436 943 ab
457 875 586 964 Hippia
608 874 693 942 Eleo
714 896 823 965 neque
852 897 874 940 a
895 875 1097 960 Protagora,
1129 874 1254 961 quippe
1286 872 1347 962 qui
1369 893 1392 938 a

185 1067 187 1072 ,
263 1002 354 1047 more
388 978 536 1046 orationi
568 984 709 1045 ornatus
738 977 813 1044 illis
844 976 966 1064 figuris
995 977 1162 1044 offerendi
1192 976 1392 1064 longissime

267 1083 449 1168 „afuisse¹)
471 1081 639 1164 dicentur,
663 1103 739 1149 eum
762 1082 915 1169 accipere
937 1079 1095 1169 potuiese.
1139 1079 1352 1166 Fragmenta
1362 1081 1391 1162 ²)

263 1183 398 1274 quidem
434 1191 470 1252 et
500 1186 574 1273 ipso
604 1189 718 1268 verba,
756 1207 843 1274 queo
874 1185 976 1251 Plato
1009 1189 1192 1272 uirumque
1221 1181 1391 1250 dicentem

262 1289 389 1372 facitu)
420 1288 533 1353 omniu
561 1288 632 1354 lere
664 1288 707 1353 ab
737 1286 799 1353 illo
829 1286 993 1354 orationis
1021 1290 1220 1352 ornamento
1250 1292 1388 1354 vacent.

249 1391 442 1458 'Platonem
466 1412 533 1457 uno
556 1391 628 1456 loco
651 1391 701 1474 (in
723 1389 859 1477 dialogo
872 1389 975 1478 Hipp.
991 1388 1070 1455 moi.
1085 1389 1149 1458 282
1162 1389 1212 1475 Α)
1226 1388 1390 1477 Hippiam

264 1494 449 1562 artificioso
480 1496 660 1562 verborum
692 1494 905 1581 aequalitate
913 1496 941 1578 4)
969 1497 1124 1561 nienhem
1153 1493 1266 1561 facere
1299 1491 1390 1560 nihil

263 1600 426 1666 interesse
449 1601 541 1685 puto.
587 1597 653 1664 Hie
674 1602 817 1684 quaeret
845 1595 1024 1684 quispiam,
1057 1617 1167 1663 nonne
1195 1594 1391 1663 Herodotus

265 1702 415 1790 Gorgiae
449 1703 691 1770 auctoritatem
725 1702 762 1769 in
796 1701 996 1770 adhibendis
1025 1703 1148 1791 figuris
1169 1708 1306 1794 secutus
1327 1702 1384 1769 sit.

265 1803 372 1885 Quem
415 1804 596 1894 disciplina
630 1804 780 1892 Gorgiae
821 1804 1020 1872 institutum
1057 1827 1128 1873 esse
1163 1809 1266 1894 alque
1302 1802 1385 1870 odeo

264 1907 451 1974 orationem
483 1908 525 1975 od
557 1906 653 1974 illius
681 1912 864 1996 praecepta
885 1909 1112 1975 conformasse
1138 1909 1198 1976 vix
1228 1905 1390 1974 credibile

264 2008 350 2076 mihi
372 2010 520 2077 videtur.
566 2011 662 2093 Quae
684 2010 858 2078 sententie
877 2015 1066 2098 temporum
1080 2010 1272 2078 rationibus
1285 2008 1387 2075 focile

263 2110 449 2178 refellitur.
493 2111 764 2179 Atheniensibus
785 2111 884 2195 enim,
908 2135 1049 2200 quorum
1073 2113 1202 2178 animos
1224 2111 1388 2199 Gorgiam

263 2213 417 2302 legatum
441 2237 529 2282 enno
552 2216 615 2285 427
631 2215 790 2282 Athenas
811 2215 949 2284 missum
970 2238 1060 2285 nove
1082 2239 1144 2284 sua
1166 2222 1202 2284 eb
1229 2213 1388 2282 inaudita

264 2315 398 2384 dicendi
429 2316 563 2383 ratione
593 2315 815 2384 delectavisse
844 2317 1013 2384 Diodorus
1040 2317 1176 2385 Siculus
1206 2317 1303 2403 (XII,
1328 2319 1386 2402 53)

265 2420 445 2501 memoriae
467 2418 616 2503 tredib‚⁵)
640 2417 683 2485 ed
704 2419 740 2487 id
761 2424 895 2508 tempus
915 2420 1005 2486 illud
1017 2420 1152 2487 dicendi
1164 2441 1281 2508 genus,
1299 2420 1388 2508 quod

264 2522 411 2610 Gorgias
427 2522 662 2611 profitebatur,
686 2521 826 2590 videtur
848 2545 974 2592 novum
996 2530 1033 2590 et
1054 2522 1249 2590 inauditum
1269 2522 1384 2589 fuisse.

265 2625 362 2708 Quae
393 2648 468 2693 cum
496 2626 549 2692 ito
576 2627 657 2710 sini,
689 2625 782 2692 haud
811 2626 879 2692 ecio
907 2647 951 2693 en
974 2625 1121 2714 Gorgias
1151 2631 1226 2693 tum
1256 2625 1389 2694 domum

261 2728 397 2815 publice
441 2728 610 2796 orationes
645 2727 718 2794 illis
762 2728 1015 2797 ioslivitalibus
1049 2733 1189 2796 ornatas
1223 2727 1386 2797 habuerit

262 2970 356 3021 docilis
368 2967 486 3020 sollertia
500 2970 588 3033 vicit“‚
607 2975 632 3022 et
651 2967 716 3023 illud
731 2970 866 3022 Theocriti
878 2970 970 3039 (Idyll.
983 2972 1040 3036 XV,
1053 2970 1111 3041 62):
1133 2971 1221 3044 „cripe
1239 2969 1288 3043 opo
1308 2973 1388 3024 πάντα

261 3058 393 3112 reiciunt!

367 3161 389 3230 ¹)
408 3161 442 3212 cl.
460 3161 538 3211 Blaer
556 3162 569 3211 l
587 3179 612 3229 p.
630 3159 665 3212 29
682 3167 709 3212 et
725 3177 752 3232 p.
771 3157 805 3210 33
822 3175 880 3225 sqq.
909 3159 978 3210 Pons
1003 3159 1036 3210 do
1054 3159 1153 3226 Gorgia
1170 3160 1302 3214 Leontino
1320 3176 1392 3214 com·

262 3252 370 3300 mental.
388 3266 414 3314 p.
431 3247 466 3298 46
487 3263 545 3313 sqq.

367 3353 389 3422 ²)
409 3353 443 3402 of.
460 3351 555 3416 fragm.
574 3351 738 3416 Protagorae
761 3350 848 3401 libelli
866 3352 895 3400 in
911 3350 984 3401 Plut.
1002 3349 1103 3402 consol.
1121 3349 1157 3399 ad
1174 3350 1300 3416 Apollon.
1317 3368 1342 3405 c.
1360 3348 1394 3401 33

264 3445 291 3490 ot
318 3455 350 3490 ea
377 3454 446 3504 quae
468 3437 572 3502 reliqua
591 3453 623 3488 ex
640 3438 757 3503 Hippiae
775 3436 851 3486 libris
871 3437 1017 3486 afferuntur
1034 3450 1051 3487 a
1069 3435 1205 3486 Plutarch.
1225 3436 1299 3488 Stob.
1322 3437 1392 3488 Flor.

263 3523 306 3589 88,
324 3524 373 3588 22;
392 3523 434 3586 42,
454 3521 495 3575 10.
514 3529 539 3574 et
557 3523 637 3589 opud.
657 3523 738 3573 Clem.
755 3523 831 3573 Alex.
851 3522 947 3573 Strom.
965 3523 1011 3586 vl,
1030 3519 1082 3576 624
1102 3523 1133 3572 Α.

367 3627 390 3695 ⁸)
408 3628 442 3678 ci.
469 3627 597 3692 Hippiam
621 3628 748 3678 maiorem
773 3627 956 3692 Platonicum
987 3627 1098 3692 Protag-
1123 3625 1174 3678 320
1191 3626 1221 3678 C.
1240 3655 1274 3665 -
1291 3624 1343 3678 322
1361 3628 1393 3679 D.

265 3713 316 3770 337
335 3715 366 3766 C.
384 3741 419 3752 -
436 3710 488 3768 338
505 3714 538 3763 Α.

367 3818 390 3887 ⁴)
421 3814 604 3886 εὐλαβούμενος
624 3815 670 3884 μὲν
688 3813 783 3886 φθόνον
801 3823 854 3869 τῶν
872 3817 983 3881 ζώντων,

418 3902 574 3974 φοβοΰμενος
593 3902 620 3956 δὲ
639 3908 713 3974 μῆνιν
731 3911 784 3957 τῶν
802 3905 1032 3977 τετελευτηκότων.

368 4009 388 4074 ⁵)
407 4008 441 4058 ol.
459 4022 491 4058 ea
510 4024 615 4074 quoque
634 4022 703 4074 quae
715 4009 794 4060 Plato
807 4009 901 4080 (Hipp.
920 4013 983 4063 mai.
1000 4027 1027 4076 p.
1044 4005 1107 4075 282)
1125 4013 1151 4059 et
1168 4006 1295 4058 Timaeus
1308 4003 1392 4075 (apud

263 4095 423 4159 Dionysium
440 4092 494 4144 iud.
513 4094 578 4160 Lyn.
596 4109 619 4145 c.
639 4090 671 4160 35
692 4111 718 4160 p.
736 4092 801 4162 458)
819 4097 949 4148 scribunt.
