3042 4592
725 273 917 343 ..g-

256 478 465 546 Herodotum
482 478 554 545 illis
567 478 732 546 orationis
745 478 931 546 luminibus
952 475 1101 543 caruisse
1123 481 1276 544 statuere
1291 477 1385 544 vide·

254 587 323 667 tur,
348 605 422 648 cum
451 582 649 668 (0111289)
679 581 759 648 dicit
795 580 1008 667 „longissime
1038 580 1128 667 ipsos
1159 579 1386 665 (Herodotum

254 684 568 775 Thucydidemque)
608 706 628 750 a
658 684 790 752 talibus
829 683 961 751 deliciis
1001 684 1058 751 vel
1090 684 1204 770 potius
1243 682 1387 770 ineptiis

254 790 399 874 afuisse;
438 787 587 855 alterum
625 785 865 874 (Herodotum)
896 786 996 852 sine
1027 786 1146 853 ullis
1183 785 1386 853 salebris

254 892 352 980 quasi
374 891 528 958 sedatum
559 913 690 958 amnem
713 891 829 975 fluere,
862 895 1008 956 alterum
1036 889 1266 956 incitatiorem
1299 889 1386 956 ferri

254 1001 290 1063 et
312 995 352 1062 de
377 993 509 1062 bellicis
523 996 623 1062 rebus
645 1016 766 1061 canere
780 993 884 1060 etiam
908 991 1051 1081 quodam
1071 993 1166 1059 modo
1189 992 1383 1060 bellicum“.

255 1099 418 1167 Jamvero
440 1101 531 1187 apud
554 1097 704 1181 eundem,
725 1118 929 1186 quamquam
952 1095 1384 1185 ipse(deorat.II‚13‚5b)

254 1200 1382 1289 Antoniumdicentemfacit„tantamesseHerodotieloquentiam,

254 1309 295 1371 ut
308 1327 343 1372 se
357 1327 559 1394 magnopere
574 1304 751 1388 delecter,
761 1327 928 1390 nusquam
936 1306 1100 1394 scriptum
1113 1310 1166 1371 est
1179 1326 1254 1371 eum
1268 1304 1382 1371 rheto-

256 1408 347 1475 ricae
360 1409 590 1476 institutionis
604 1408 805 1496 participem
819 1407 934 1476 fuisse.
960 1407 1050 1489 Quid
1066 1413 1181 1474 autem
1199 1407 1384 1497 Dionysius

254 1510 377 1596 Halia,
398 1533 419 1578 a
440 1533 506 1598 quo
520 1510 752 1600 Thucydidem
768 1511 808 1578 de
821 1511 1010 1599 figurarum
1023 1534 1087 1577 usu
1101 1510 1259 1597 graviter
1271 1532 1382 1600 repre·

254 1611 394 1700 hendi1)
417 1614 492 1701 'quis
513 1618 566 1681 est
588 1614 671 1702 quin
692 1614 839 1702 ignoret,
862 1615 903 1682 de
925 1614 1090 1682 Herodoti
1111 1613 1383 1701 generedicendi

254 1716 406 1800 senserit,
427 1716 586 1803 intellegi
601 1721 713 1805 potest
726 1717 783 1784 vel
795 1739 838 1783 ex
852 1716 901 1784 eis
914 1717 1082 1802 laudibus,
1105 1717 1228 1807 quibus
1249 1738 1324 1782 cum
1346 1716 1383 1783 in

254 1817 334 1885 aliis
348 1817 447 1887 libris
460 1824 535 1886 tum
549 1820 585 1886 in
600 1841 646 1904 eo,
663 1819 722 1908 qui
735 1819 922 1906 inscriptus
944 1826 996 1888 est
1023 1821 1107 1909 „uspl
1129 1827 1180 1887 τοῦ
1199 1821 1383 1886 Θουκυδίδου

254 1929 477 2011 χαρακτῆρυς“,
503 1923 713 2004 Herodotum
735 1924 866 1991 laudat.
912 1925 981 2006 Qui
1004 1925 1059 2012 (de
1082 1925 1281 2015 Thucydide
1312 1923 1381 1991 iud.

254 2028 389 2115 p.·865)
412 2026 497 2094 dicit
510 2024 719 2093 Herodotum
742 2027 973 2115 superioribus
986 2028 1224 2116 compositione
1248 2034 1284 2096 et
1306 2050 1381 2096 ver·

257 2132 375 2200 borum
389 2130 553 2198 electione
574 2135 610 2196 et
633 2129 805 2196 varietate
828 2131 993 2198 orationis
1015 2132 1274 2200 conformandae
1292 2131 1382 2219 (κατὰ

254 2234 307 2320 τὴν
337 2242 396 2300 τῶν
427 2240 644 2322 σχηματισμῶν
674 2225 835 2319 ποικιλίαν)
876 2233 985 2302 multo
1015 2236 1229 2323 praestitisse
1261 2241 1306 2320 et,
1341 2258 1382 2303 ne

258 2339 368 2408 oratio
391 2338 435 2406 ad
461 2343 570 2405 artem
594 2336 819 2426 persuadendi
842 2339 991 2425 (πειθοῦς)
1015 2344 1051 2406 et
1069 2345 1284 2408 venustatem
1307 2360 1381 2408 sua·

256 2443 467 2533 vitatemque
503 2443 648 2530 (χαρίτων
671 2442 795 2530 καὶτῆς
819 2446 930 2530 ἡδονῆς
960 2445 1060 2529 ἕνεκα)
1091 2443 1256 2532 poematis
1285 2465 1381 2533 prae·

253 2546 476 2613 stantissimis
498 2545 640 2613 inferior
663 2552 762 2631 esset,
787 2547 973 2636 principem
995 2546 1164 2632 effecisse3
1200 2552 1236 2614 et
1257 2546 1382 2614 ibidem

253 2649 455 2738 paulopost
478 2650 523 2738 (p.
548 2650 626 2735 866)
649 2655 763 2717 monet
785 2649 900 2717 nullas
928 2649 1000 2717 fere
1023 2649 1172 2716 virtutes
1194 2649 1379 2716 elocutioni

253 2753 466 2820 Herodoteae
489 2753 636 2820 defuisse
658 2753 724 2820 nisi
747 2753 919 2839 (ἐναγώνιυι
936 2754 1053 2841 ἀρεταί)
1078 2774 1144 2836 aas,
1169 2775 1255 2843 quae
1279 2758 1381 2841 aptae

253 2862 366 2924 essent
388 2878 524 2946 pugnae
547 2851 669 2943 (ἀγών),
693 2857 883 2924 forensibus
906 2856 1209 2945 disceptationibus
1240 2857 1378 2923 iudicio-

252 2980 328 3025 rum
352 2965 414 3026 aut
436 2959 732 3027 deliberationum.
778 2959 875 3042 Quae
898 2960 1048 3028 virtutes
1072 2957 1157 3047 quid
1181 2959 1247 3026 sibi
1261 2959 1379 3041 velint,

251 3061 353 3128 facile
376 3062 590 3150 cognoscitur
604 3085 646 3130 cx
662 3063 772 3130 altero
795 3064 866 3131 loco
885 3065 949 3152 (ep.
968 3064 1011 3131 ad
1028 3064 1142 3152 Pomp.
1159 3088 1190 3151 p.
1207 3063 1272 3133 776
1285 3065 1379 3151 sqq.),

252 3185 317 3250 quo
339 3163 551 3254 Thucydidis
574 3164 798 3232 elocutionem
821 3188 896 3232 cum
919 3166 1150 3254 Herodotea¹)
1184 3187 1382 3254 comparans

252 3264 485 3355 Thucydidem
515 3268 552 3333 in
584 3268 841 3335 vehementibus
879 3276 915 3336 et
945 3270 1136 3353 concitatis,
1170 3269 1380 3336 Herodotum

251 3368 288 3434 in
317 3370 452 3438 lenibus
479 3370 584 3438 animi
611 3371 877 3459 permotionibus
909 3373 1137 3461 exprimendis
1171 3373 1379 3462 superiorem

355 3579 376 3646 ¹)
395 3578 607 3645 Theophrastum
626 3578 668 3627 his
685 3578 752 3628 locis
767 3578 860 3630 Cicero
880 3579 983 3630 ridetur
1001 3582 1083 3645 sequi.
1119 3581 1151 3631 V.
1171 3593 1240 3644 quaa
1260 3580 1296 3631 Ο.
1309 3580 1381 3631 Jahn

252 3662 377 3714 disseruit
400 3665 432 3715 dc
457 3665 508 3714 hac
533 3681 562 3714 re
581 3663 674 3731 (praef.
693 3670 760 3716 orat.
780 3683 805 3731 p.
824 3666 925 3732 XXVI)
944 3672 971 3716 et
989 3668 1138 3734 nuperrime
1156 3667 1191 3719 H.
1209 3667 1279 3717 Ball.
1314 3667 1378 3737 (Die

251 3748 464 3800 Bahanntschaft
481 3753 545 3801 riim.
566 3750 756 3802 Schriftsteller
774 3753 823 3801 mit
840 3751 967 3802 Herodot.
993 3752 1090 3814 Berlin,
1113 3749 1189 3802 1890.
1207 3770 1233 3818 p.
1256 3752 1289 3803 12
1303 3753 1381 3819 sqq).

355 3836 527 3903 2)υἰ.1)ἱυιι.
554 3837 643 3888 Halic.
670 3837 740 3909 ‚sept
769 3843 821 3889 τῶν
841 3834 973 3890 Θουκυδίδ.
994 3838 1154 3908 ἰδιωμάτων*
1180 3856 1206 3905 p.
1223 3837 1275 3891 808
1300 3868 1332 3878 -
1357 3848 1382 3892 et

251 3920 332 3972 indic.
351 3920 384 3971 de
401 3921 523 3987 Thucyd.
542 3940 567 3990 p.
588 3922 647 3975 887.
666 3943 691 3992 p.
709 3923 769 3976 928.
788 3942 814 3991 p.
833 3923 895 3990 935,
914 3927 975 3976 aliis
993 3927 1068 3978 locis.
1103 3927 1137 3977 cf.
1155 3923 1270 3976 Blaesi
1287 3924 1381 3994 pale.

356 4007 377 4074 ³)
396 4007 428 4058 cf.
447 4023 518 4060 cens.
536 4009 569 4060 de
586 4016 650 4062 vett.
668 4014 791 4078 scriptor.
808 4030 834 4079 p.
853 4009 905 4065 424
923 4029 990 4079 sqq„
1017 4014 1064 4064 ubi
1082 4014 1232 4078 Dionysius
1261 4013 1294 4065 de
1312 4020 1382 4064 utro·

252 4109 304 4160 que
321 4092 449 4145 historico
467 4093 590 4146 similiter
608 4096 727 4164 disputat
