3042 4592
627 315 821 384 *21-

150 523 273 591 iterati
294 520 436 590 subinde
458 522 629 589 subiunoti
652 526 742 605 sunt,
772 524 814 588 ab
841 520 880 586 in
909 541 942 584 v.
976 518 1039 588 170
1066 517 1278 601 λόγονλόγον.

151 648 184 692 ν.
208 626 280 696 197.
304 625 368 697 198
390 624 460 712 aopi
482 626 508 690 δ’
532 625 688 698 αὐξάνεται
710 628 777 711 πῦρ,
792 661 835 675 -
851 622 959 708 αἰθέρα
983 622 1009 685 δ’
1034 622 1135 707 αἰθήρ.
1171 643 1203 688 v.
1218 621 1283 690 254

153 729 271 814 δαίμονι
298 730 423 816 δαίμων.
459 753 491 796 v·
522 730 693 800 333—335
723 729 795 814 γαίη
827 725 880 813 μὲν
910 726 968 812 γὰρ
999 726 1086 810 γαῖαν
1117 761 1169 799 -,
1197 723 1284 788 ὕδατι

152 833 273 920 occup,
297 833 397 920 αἰθέρι
419 833 557 919 δἀἰθέρα
580 834 654 916 δῖον,
685 832 759 919 ἀτὰρ
782 829 852 918 πορ1
876 835 934 917 πῦρ
957 827 1088 915 ἀΐδηλον,
1114 826 1228 914 στοργή
1250 825 1284 891 δὲ

154 939 289 1023 στοργήν,
311 939 405 1010 νεῖκος
424 935 458 999 δέ
470 959 503 999 τε
516 935 606 1000 νείκεϊ
627 935 740 1022 λογριιῐ.
777 933 898 1002 Nonne
920 931 1026 999 simili
1039 927 1281 998 vocabulorum

152 1040 318 1128 congerie,
348 1075 390 1088 -
418 1057 505 1125 quae
540 1036 674 1122 quidem
716 1060 738 1104 a
772 1033 1021 1103 recentioribus
1056 1032 1143 1100 viris
1174 1030 1283 1098 doctis

155 1140 382 1233 ,pareohesis“
408 1138 615 1222 nominatur,
644 1177 684 1190 ·—
713 1138 923 1206 Herodotum
955 1137 1066 1225 ipsum
1097 1135 1153 1201 his
1179 1133 1279 1201 locis:

149 1247 196 1329 II,
220 1268 247 1312 c.
276 1246 339 1316 173
372 1245 474 1332 σεμνήῐ
497 1246 611 1330 σεμνόν.
647 1243 715 1326 III,
743 1243 855 1330 531123
877 1241 964 1328 νακηῐ
985 1240 1019 1305 τὸ
1041 1237 1131 1305 κακὸν
1155 1240 1201 1303 ἰῶ.
1238 1237 1280 1318 V,

149 1371 175 1415 c.
203 1349 264 1420 111
296 1349 421 1436 βασιλέα
453 1347 505 1434 μέν
532 1347 584 1413 ναὶ
606 1346 770 1434 στρατηγὸν
791 1383 835 1395 -
859 1346 974 1434 βασιλέϊ
994 1369 1027 1409 τε
1049 1343 1101 1409 καὶ
1122 1340 1283 1428 στρατηγῷ

150 1451 383 1539 προσφέρεσθαι.
421 1451 524 1539 paulo
545 1455 622 1540 posi
643 1451 710 1525 τοὺς
734 1449 882 1538 ὑπηρέτας
904 1449 1031 1536 ἑτέροισί
1051 1473 1084 1514 τε
1108 1447 1281 1533 ὑπηρέτῃσι.

150 1555 231 1638 VII,
247 1575 273 1620 c.
288 1556 352 1626 237
373 1557 418 1620 ὅτι
436 1558 579 1641 πολιήτης
601 1554 653 1641 μὲν
675 1557 802 1641 πολιήτη
825 1555 858 1620 εὖ
881 1557 1070 1642 πρήσσοντι.
1097 1603 1104 1618 .
1127 1602 1134 1619 .
1160 1601 1167 1616 .
1191 1553 1281 1622 ξεῖνος

152 1658 186 1723 δὲ
209 1658 293 1745 ξείνῳ
316 1657 349 1722 εὖ
371 1660 540 1743 πρήσσοντι.
586 1657 648 1741 IX,
675 1679 702 1724 c.
729 1658 772 1728 26
793 1658 843 1724 τὸν
867 1657 919 1745 ρέν
944 1657 1066 1745 στρατὸν
1093 1656 1140 1743 aqi
1163 1654 1283 1741 στρατιρ

42 1801 45 1805 -
151 1767 305 1830 utentem
327 1761 631 1849 deprehendimus?

252 1866 465 1952 Quamquam
489 1869 604 1933 autem
626 1865 681 1932 his
703 1865 865 1953 exemplis
896 1888 966 1933 esse
997 1887 1074 1931 cum
1100 1862 1174 1929 illis
1197 1860 1276 1927 Em·

150 1967 318 2057 pedocleis
349 1968 471 2056 figuris
502 1968 673 2056 quendam
702 1966 962 2036 similitudinem
999 1967 1119 2049 iudico,
1164 1969 1280 2030 tamen

147 2071 359 2138 Herodotum
381 2071 456 2159 ipsa
477 2069 703 2158 Empedoclea
725 2070 875 2138 artificia
901 2071 1057 2138 insnum
1079 2091 1178 2135 usum
1199 2088 1275 2133 con·

146 2174 268 2241 tulisse
290 2174 464 2262 probabile
487 2173 572 2240 mihi
594 2196 660 2240 non
682 2174 830 2242 videtur.
867 2175 987 2264 Neque
1008 2172 1180 2240 consentio
1199 2192 1276 2237 cum

146 2276 287 2360 Dielsio,
322 2277 381 2366 qui
411 2276 558 2365 primum
587 2275 824 2364 Empedoclem
863 2276 1030 2345 orationis
1065 2277 1275 2355 ornamenta,

146 2401 234 2468 quae
255 2379 447 2446 Siculorum
467 2380 606 2468 propria
627 2380 783 2464 fuissent,
815 2385 851 2447 eb
881 2379 918 2447 in
946 2379 1159 2447 orationibus
1182 2382 1218 2442 et
1241 2375 1278 2441 in

146 2483 353 2549 carminibus
374 2481 416 2549 de
437 2481 609 2552 industria
631 2483 788 2572 quaesita
821 2485 1015 2553 adhibuisse
1041 2505 1151 2572 nuper
1160 2485 1186 2566 ¹)
1223 2504 1278 2548 ex·

145 2585 269 2672 posuit.
313 2583 401 2652 Nam
423 2583 531 2650 multo
554 2593 635 2653 anbe
655 2585 804 2674 Gorgiae
827 2594 977 2655 aetatem
999 2591 1133 2655 veteres
1155 2590 1275 2673 poetae

145 2687 270 2754 Graeci
299 2686 372 2754 iliis
404 2688 614 2756 ornamentis
642 2690 797 2758 universi
827 2714 894 2758 non
922 2690 1035 2757 minus
1062 2690 1212 2756 libenter
1242 2694 1279 2752 eb

145 2813 254 2880 saepe,
286 2813 388 2882 quam
417 2790 647 2880 Empedocles,
685 2793 739 2859 usi
776 2798 866 2878 sunt,
902 2815 1011 2881 neque
1047 2795 1091 2860 ab
1133 2791 1278 2858 Homero

144 2915 249 2982 usque
272 2893 316 2960 ad
337 2893 574 2983 Empedoclem
599 2894 704 2962 facile
726 2895 821 2962 ullus
849 2902 958 2984 poeta,
992 2895 1052 2985 qui
1073 2895 1122 2963 eis
1145 2899 1274 2978 careal,

145 2996 291 3084 reperiri
312 3002 436 3085 potest,
482 2998 559 3080 Qua
594 3000 630 3066 in
662 3021 700 3066 re
731 3021 799 3066 non
830 2997 977 3065 multum
1006 3001 1153 3065 interest
1182 2996 1275 3063 inber

145 3099 246 3166 varia
280 3100 390 3188 poesis
431 3122 572 3188 genera,
617 3101 676 3168 sed
715 3122 856 3189 aeque
891 3122 1004 3167 omnes
1036 3101 1109 3167 fere
1145 3104 1274 3186 poetae,

145 3201 314 3269 Homerus
336 3205 507 3292 ceterique
529 3202 625 3292 epici,
660 3209 782 3292 poetae
804 3202 958 3290 elegiaci,
991 3201 1104 3291 lyrici,
1121 3201 1276 3289 *tragici

147 3305 266 3372 comici
295 3305 396 3393 idque
430 3328 529 3394 saepe
558 3307 599 3372 de
628 3306 801 3374 industria
830 3306 1006 3373 elaborare
1034 3305 1119 3372 mihi
1141 3305 1276 3391 quidem

147 3406 317 3493 videntur,
334 3415 374 3476 ub
391 3409 515 3487 ,verba
537 3409 652 3477 verbis
673 3407 774 3492 quasi
798 3407 950 3474 dimensa
971 3412 1008 3474 eb
1025 3406 1125 3495 paria
1140 3430 1275 3495 respon·

146 3509 259 3593 deant,
275 3515 315 3578 ub
333 3510 506 3579 contraria
528 3509 710 3578 contrariis
731 3516 954 3598 opponantur,
971 3514 1013 3579 ut
1035 3511 1196 3580 similiter
1218 3512 1275 3579 vel

250 3701 271 3769 ¹)
290 3701 322 3752 oi.
333 3701 418 3752 Diels.
432 3700 558 3767 (Gorgias
570 3701 625 3752 und
637 3699 1087 3768 Empedocles,Sitzungsber.1884
1099 3720 1124 3770 p.
1133 3702 1197 3772 366)
1210 3706 1278 3758 haec

146 3787 242 3838 verba:
268 3801 314 3842 „so
332 3787 369 3838 ist
387 3786 433 3838 der
452 3785 562 3838 Schluss
579 3787 779 3850 unabweislich,
806 3787 869 3838 dass
886 3786 1064 3853 Empedokles
1081 3797 1172 3842 suerat
1189 3791 1279 3842 disin

147 3871 259 3924 Sicilien
282 3871 507 3923 volkstbmlichen
524 3873 723 3938 Verzisrungen
745 3872 801 3925 und
825 3871 1110 3940 Verschndrkelungen
1134 3875 1183 3938 der
1206 3877 1278 3928 Rode

145 3958 265 4010 bewussb
281 3959 310 4008 in
329 3959 420 4010 seinen
436 3956 529 4010 Reden
545 3959 608 4022 und,
634 3961 726 4011 soweit
750 3974 779 4010 es
803 3957 896 4025 irgend
914 3958 961 4009 der
977 3958 1084 4025 epische
1102 3961 1153 4012 Stil
1170 3962 1277 4025 zuliess,

145 4045 173 4094 in
192 4044 282 4094 seiron
301 4041 447 4094 Gadichtan
472 4059 522 4095 zur
538 4044 711 4112 Anwsndung
735 4047 870 4110 brachto“,
894 4052 920 4098 et
945 4047 998 4098 vid.
1025 4061 1094 4112 quae
1110 4047 1232 4099 Blassius
1256 4050 1278 4113 1,

145 4145 171 4195 p.
190 4123 248 4193 172
267 4133 294 4180 eb
310 4144 335 4194 p.
354 4127 414 4193 66,5
432 4129 464 4183 de
481 4131 533 4182 hac
550 4147 579 4182 re
596 4131 732 4184 disseruit.
