3042 4592
720 301 916 370 ...22-

253 505 379 574 cedent
414 507 519 574 verba
555 506 612 573 vel
649 505 808 574 desinant
842 511 906 573 eut
943 509 985 572 ut
1021 505 1162 593 paulum
1197 505 1384 586 immutata

253 611 359 676 verba
381 613 485 695 atque
508 609 639 676 deflexa
652 615 855 696 ponantur.“
897 609 1128 675 Homerum
1151 608 1287 696 quidem
1308 607 1384 674 illis

209 763 210 766 ,
252 711 419 778 orationis
454 713 681 794 ornamentis,
726 711 851 800 quippe
887 733 975 796 quae
1012 717 1138 798 arguto
1174 713 1383 779 Graecorum

253 816 390 904 ingenio
421 815 731 882 accomodatissima
763 821 884 900 essent,
926 816 1053 882 favisse
1092 838 1237 902 magnus
1274 837 1383 882 exem-

252 918 385 1004 plorum
407 939 567 984 numerus
590 918 695 1004 docet,
721 941 808 1006 quae
831 942 874 985 ex
894 919 1101 985 carminibus
1123 918 1313 986 Homericis
1333 918 1385 1003 (in

252 1025 465 1087 commentat.
480 1044 510 1109 p.
527 1023 698 1108 39-66)¹)
718 1043 739 1088 a
760 1044 813 1088 me
835 1020 948 1088 allata
969 1026 1050 1087 sunt
1072 1028 1108 1088 et
1130 1020 1232 1086 facile
1256 1010 1378 1108 augeri

252 1127 402 1210 possunt.
439 1122 664 1190 Hesiodus
685 1125 749 1190 ille
771 1125 843 1212 ipse
866 1144 997 1210 quoque
1020 1122 1061 1188 de
1086 1122 1257 1190 industria
1280 1145 1381 1209 quae·

255 1226 323 1292 sita
345 1226 462 1292 crebro
485 1223 653 1292 adhibuit.
697 1227 752 1294 Ex
783 1226 833 1293 eis
854 1232 970 1293 autem
993 1224 1083 1307 locis,
1118 1246 1202 1310 quos
1227 1249 1286 1303 ,ex
1308 1249 1384 1314 ope·

252 1327 348 1393 ribus
370 1333 406 1393 et
427 1326 562 1392 diebus“
589 1327 712 1414 collegi
743 1328 881 1410 (ibidem
903 1353 934 1417 p.
959 1330 1025 1412 67),
1050 1327 1275 1395 inveniuntur
1296 1328 1383 1394 satis

253 1430 367 1513 multi,
401 1429 460 1515 qui
494 1429 683 1496 Homericis
712 1434 785 1496 tam
822 1430 950 1496 similes
981 1438 1071 1512 sunt,
1109 1437 1149 1497 ut
1180 1432 1212 1498 ei
1243 1430 1310 1496 loci
1343 1452 1385 1497 ex

255 1531 395 1600 Homeri
423 1531 629 1598 carminibus
660 1532 766 1619 petiti
788 1555 858 1599 esse
881 1538 944 1598 aut
966 1533 1134 1600 Homerus
1157 1541 1192 1600 et
1215 1532 1383 1599 Hesiodus

253 1635 351 1723 quasi
375 1657 416 1701 ex
439 1635 605 1701 communi
623 1634 717 1702 fonte
731 1637 884 1702 hausisse
893 1638 921 1722 ²)
939 1635 1024 1702 mihi
1039 1637 1174 1723 quidem
1188 1637 1383 1704 videantur.

254 1740 330 1820 Quo
352 1760 394 1804 ex
416 1760 553 1804 numero
576 1759 665 1803 nunc
686 1760 834 1827 propono
866 1738 926 1803 hos
955 1759 1085 1821 versus,
1120 1740 1156 1804 in
1186 1739 1309 1825 quibus
1341 1741 1384 1802 ab

186 1893 190 1901 .
255 1841 402 1908 Hesiodo
434 1840 532 1928 paria
570 1839 710 1926 paribus
739 1842 988 1928 adiunguntur,
1028 1847 1063 1909 ct
1093 1842 1176 1907 talis
1210 1839 1386 1924 congeries

169 2031 170 2036 γ
256 1943 498 2009 vocabulorum
521 1942 795 2030 deprehenditur,
821 1945 956 2031 qualem
977 1945 1187 2010 Herodotum
1210 1950 1247 2010 et
1263 1943 1384 2030 Empe·

254 2046 383 2113 doclem
400 2067 564 2132 usurpare
579 2045 681 2132 paulo
700 2055 781 2113 ante
796 2048 838 2135 [p.
848 2050 891 2119 20
905 2050 988 2135 sqq]
1001 2047 1164 2113 diximus:
1179 2046 1258 2111 Hes.
1268 2069 1340 2132 erg.
1351 2069 1384 2111 v.

232 2151 234 2155 ’
252 2153 303 2222 25.
314 2152 356 2222 26
366 2149 416 2214 καί
428 2148 573 2234 κεραμεὺς
589 2153 713 2235 κεραμεῖ
725 2151 821 2215 κοτέει
840 2153 845 2235 Ι
864 2150 915 2216 καὶ
927 2152 1039 2216 τέκτονι
1052 2151 1162 2214 τέκτων
1181 2166 1186 2227 Ι
1205 2148 1256 2214 καὶ
1265 2147 1385 2236 πτωχὸς

252 2253 369 2342 πτωχηῖ
392 2252 515 2340 φθονέει
534 2252 539 2340 Ι
565 2251 616 2318 καὶ
639 2251 740 2326 ἀοιδὸς
763 2254 870 2340 ἀοιδιμ.
891 2259 897 2338 Ι
946 2277 978 2320 v.
1004 2254 1066 2324 182
1088 2252 1159 2318 οὐδὲ
1181 2255 1273 2326 ξεῖνος
1296 2256 1385 2324 ξεινο-

253 2361 333 2445 δόκῳ
353 2363 358 2444 Ι
377 2357 428 2424 καὶ
450 2359 565 2443 ἑταῖρος
587 2357 733 2443 ἑταίρῳ.Ι
788 2356 856 2421 vid.
887 2380 918 2423 v.
950 2359 1023 2428 353·
1047 2357 1120 2427 361.
1144 2359 1207 2428 382
1230 2359 1315 2444 ἔργον
1338 2361 1384 2424 ἐπ’

252 2463 332 2550 ἔργῳ
355 2461 547 2548 ἐργάζεσθαι.
571 2485 603 2527 v.
619 2463 693 2531 644.
716 2459 806 2525 Illae
828 2459 992 2526 orationis
1012 2461 1141 2528 formae
1150 2461 1176 2546 ³)
1200 2462 1244 2528 ed
1265 2462 1386 2529 simili-

251 2566 405 2633 tudinem
428 2566 549 2632 horum
562 2563 703 2630 Homeri
716 2585 876 2630 versuum
889 2563 990 2630 fictae
1013 2563 1191 2630 videntur:
1215 2564 1316 2631 Iliad.
1334 2567 1383 2649 ΙΙ,

251 2695 283 2738 v.
308 2673 371 2742 363
393 2675 434 2742 ὡς
465 2671 581 2754 φρήτρη
606 2668 775 2754 φρήτρηφιν
807 2668 917 2752 ἀρήγη,
938 2684 942 2731 i
962 2670 1042 2753 φόλα
1067 2666 1100 2731 δὲ
1124 2667 1236 2753 φύλοις.
1281 2668 1386 2752 XIII,

253 2775 325 2844 130.
355 2775 417 2843 131
440 2799 482 2829 =
504 2769 602 2852 XVI,
633 2772 697 2840 215
729 2769 890 2857 φράξαντες
923 2771 993 2856 δόρυ
1023 2771 1114 2857 δουρί,
1135 2775 1141 2854 Ι
1161 2773 1250 2845 σάκος
1273 2772 1356 2837 σάκει
1380 2776 1384 2860 Ι

253 2876 339 2951 ἀσπίς
370 2877 407 2963 ip
437 2876 535 2944 ἀσπίδ’
560 2866 692 2961 {perdel
711 2875 798 2960 κάρος
820 2876 918 2961 κόρυν,
939 2875 944 2963 Ι
964 2875 1055 2962 ἀνέρα
1087 2878 1244 2963 ὃ’ἀνήρ.-
1265 2875 1384 2964 Odyss

252 2979 332 3063 VH,
357 2981 428 3051 120.
458 2981 517 3051 121
551 2981 643 3069 άγχνη
676 2979 722 3044 ἐπ’
755 2977 849 3065 ὄγχνη
880 2979 1032 3066 γηράσκει,
1055 2980 1060 3068 Ι
1080 2983 1173 3066 μῆλον
1198 2980 1276 3046 δ’ἐτὶ
1298 2984 1386 3068 μήλῳ

252 3082 345 3168 αὐτὰρ
376 3083 426 3148 ἐπὶ
457 3085 597 3170 σταφυλή
627 3084 773 3170 σταφυλή,
796 3083 801 3168 Ι
821 3088 908 3149 σῦκον
932 3084 1009 3148 esui
1033 3084 1149 3170 σύναμΙ
1200 3085 1242 3149 cf.
1266 3084 1383 3166 XVII,

252 3186 324 3255 217.
348 3186 420 3256 218.
453 3186 518 3252 His
540 3187 703 3275 exemplis
734 3187 815 3254 addi
841 3193 955 3275 potest
975 3188 1055 3254 Hes.
1079 3210 1148 3274 erg.
1172 3210 1205 3253 v.
1228 3188 1292 3258 233
1316 3190 1385 3272 δρῦς

253 3290 351 3377 ἄκρη
384 3291 450 3376 μέν
479 3291 612 3377 τεφέρει
642 3290 797 3377 βαλάνους,
826 3290 831 3378 Ι
859 3293 985 3377 μέσση
1009 3290 1049 3354 δέ
1073 3290 1222 3376 μελίσσας,
1243 3311 1386 3376 quocum

138 3463 139 3468 ,
252 3414 355 3460 versu
369 3393 516 3460 conferri
530 3396 642 3480 potest
656 3393 745 3461 illud
753 3395 894 3461 Homeri
908 3393 1008 3460 Iliad.
1022 3392 1072 3460 VI
1084 3395 1145 3463 181
1159 3395 1275 3481 πρόσθε
1285 3395 1362 3460 λέων
1378 3396 1383 3482 Ι
1507 3421 1509 3435 ·

354 3601 374 3667 ¹)
393 3619 419 3652 v.
437 3614 506 3666 quac
526 3600 573 3662 ,de
591 3601 674 3652 Thuc.
693 3603 868 3682 Antiphontis
887 3601 1019 3668 discipulo
1047 3607 1074 3652 et
1097 3603 1208 3654 Homeri
1232 3605 1383 3656 imitatore“
1507 3649 1510 3669 ,

253 3685 383 3751 (Mflndeu
400 3683 479 3753 1885)
499 3686 620 3738 disserui.

355 3773 377 3838 ι)
396 3771 429 3822 cf.
449 3773 480 3822 ο.
498 3770 597 3823 unior
616 3772 668 3838 (ee.
686 3775 777 3842 Heu)
796 3776 816 3836 ι,
834 3793 860 3841 p.
879 3769 938 3824 135.
990 3787 994 3794 ·

357 3859 378 3925 ³)
398 3859 464 3921 Quis
488 3857 533 3907 hic
556 3873 610 3908 non
633 3861 723 3910 statim
742 3858 871 3925 Gorgieae
887 3861 1046 3913 elocutionis
1066 3862 1202 3913 meminit?
1237 3862 1320 3912 Effert
1338 3861 1384 3911 ille
1508 3856 1511 3945 Ι

252 3943 381 3994 laudibus
398 3943 572 3994 Athenienses
590 3944 661 3994 hunc
679 3947 709 3995 in
726 3945 831 3996 modum
853 3949 898 4015 (cf.
918 3950 999 4015 Gorg.
1021 3948 1165 4016 epitaph.):
1197 3945 1329 4018 ,ὑβρισταὶ
1351 3946 1386 4004 εἰς
1508 3950 1511 4000 ι’

251 4029 310 4088 τοὺς
335 4027 460 4100 ὑβριστάς,
481 4029 486 4098 Ι
512 4029 612 4100 κόσμιοι
637 4031 671 4090 είς
694 4033 753 4093 τοὺς
776 4035 906 4103 κοσμίους,
940 4033 945 4103 Ι
978 4036 1070 4108 ἄφοβοι
1096 4036 1130 4094 είς
1154 4036 1213 4095 τοὺς
1237 4033 1370 4105 ἀφόβοοςΙ

253 4115 327 4169 δεινοὶ
345 4117 371 4170 ἐν
389 4122 440 4174 τοῖς
459 4114 569 4175 δεινοῖς.ν
