3042 4592
616 235 814 306 ,33-

251 444 318 512 Sed
342 467 445 532 quam
467 443 666 533 frequenter
689 447 724 508 et
747 461 849 526 quam
870 438 1019 504 libenter
1040 436 1094 503 his
1116 431 1280 503 orationis

146 547 272 630 formio,
299 568 386 634 quae
408 547 626 633 παρονομασία
655 548 832 626 vocantur,
864 540 920 606 illi
948 544 1068 627 poetae
1098 545 1135 605 et
1165 561 1280 605 eorum

148 651 391 717 anctoritatem
408 654 544 716 secutus
557 647 752 714 Herodotus
774 666 854 711 usus
875 641 931 724 sit,
952 641 1038 706 satis
1060 640 1279 706 illustratum

148 757 201 819 est
214 751 387 840 exemplis
424 750 550 818 Restat
568 749 756 816 multitudo
768 747 927 829 locorum,
946 746 1006 810 ubi
1022 742 1216 810 Herodotus
1229 743 1279 810 vi·

149 854 251 922 detur
263 855 441 923 elaborare
455 854 495 921 de
509 854 690 936 industrio,
714 858 755 918 ut
769 851 867 939 porie
887 849 1028 937 poribus
1042 845 1279 934 adiungentur

150 961 185 1024 ετ
210 959 361 1046 „pariter
384 961 537 1025 extremo
560 957 790 1024 terminentur
818 954 1026 1042 eundemque
1056 951 1211 1017 referant
1244 950 1281 1016 in

150 1059 298 1127 cedendo
318 1071 467 1128 sonum“.
512 1059 566 1126 Ex
586 1059 727 1126 Homeri
749 1064 865 1124 autem
889 1056 1096 1123 carminibus
1118 1052 1281 1120 videntur

150 1164 288 1231 fluxisse
311 1170 347 1230 et
369 1165 441 1231 alio
463 1171 499 1232 et
521 1166 604 1232 heeo
634 1164 750 1253 parisa
779 1160 960 1248 imprimis:
993 1159 1021 1241 I,
1054 1182 1081 1225 o.
1111 1157 1153 1222 32
1184 1154 1281 1220 πολλὰ

151 1267 203 1352 μὲν
236 1268 299 1333 ἔστι
327 1270 430 1333 ἰδεῖν
464 1267 513 1354 (τὰ
546 1272 587 1354 μή
610 1293 653 1341 τις
675 1266 798 1350 ἐθέλει),
820 1266 824 1348 Ι
844 1262 941 1328 πολλὰ
967 1264 1000 1329 δὲ
1026 1263 1077 1328 καὶ
1099 1261 1280 1346 malleio!

152 1371 316 1455 (Parison,
331 1371 656 1458 Homoeoleleuion).
672 1373 711 1439 of.
721 1372 820 1440 Iliad.
830 1371 892 1453 IX,
907 1394 940 1437 v.
956 1369 1021 1434 492
1035 1365 1116 1432 πόλλ’
1138 1365 1262 1445 iratior,
1275 1364 1279 1449 Ι

151 1474 201 1538 καὶ
214 1469 298 1538 πόλλ’
313 1477 460 1563 ἐμόγησα.
482 1483 487 1557 Ι
507 1477 534 1550 Ι,
559 1499 585 1543 o.
604 1478 646 1543 35
668 1478 710 1550 τίς
733 1501 765 1541 τε
788 1477 863 1541 ἐὼν
882 1475 886 1563 Ι
909 1474 960 1540 καὶ
976 1476 1066 1538 κόθεν
1080 1480 1133 1557 τῆς
1149 1470 1283 1558 Φρυγίης

151 1583 258 1665 ἥκων
286 1581 290 1664 Ι
317 1579 482 1662 (Parison,
516 1579 841 1666 Homoeoleleuton).
887 1580 928 1646 of.
953 1577 1075 1664 Odyss.
1098 1576 1126 1658 I,
1158 1598 1191 1643 v.
1221 1575 1285 1640 170

153 1684 204 1764 τίς,
226 1684 231 1768 Ι
250 1684 340 1746 κόθεν
363 1683 404 1755 εἰς
419 1685 533 1770 ἀνδρῶν
548 1684 608 1746 κτὲ.
641 1682 669 1764 Ι,
688 1707 715 1750 o.
736 1686 777 1751 71
799 1686 943 1749 σιτέονται
966 1682 1008 1746 δὲ
1028 1682 1098 1746 οὐκ
1119 1682 1175 1744 ὅσα
1198 1678 1284 1742 ἐθέλ-

153 1811 252 1868 ουσι,
274 1787 279 1873 Ι
299 1780 363 1850 ἀλλ’
381 1787 437 1851 ὅσα
453 1785 602 1874 ἔχουσι,
619 1792 632 1873 ΙΙ
647 1789 814 1872 (Ρυτίεου,
829 1784 1142 1870 Homoeoteleulon)
1160 1782 1232 1870 πρὸς
1251 1780 1284 1845 δὲ

153 1892 223 1954 οὐκ
245 1888 316 1976 οἴνῳ
340 1891 546 1976 διαχρέωνται,
560 1892 564 1977 Ι
579 1891 657 1957 ἀλλὰ
674 1894 938 1980 ὑδροποτέουσι,
955 1895 968 1975 ΙΙ
984 1892 1024 1955 οὐ
1048 1895 1123 1953 σῦκα
1135 1886 1169 1952 δὲ
1182 1888 1285 1974 ἔχουσι

152 1999 284 2082 τρώγειν,
298 1995 301 2080 Ι
313 1994 375 2059 οὐκ
389 1993 463 2058 ἄλλο
478 1997 594 2080 ἀγαθὸν
608 1999 704 2062 οὐδέν.
727 1999 730 2084 Ι
752 1996 952 2077 of.Iliad.V,
963 2021 994 2062 v.
1005 1996 1068 2061 341
1081 1995 1120 2058 οὐ
1135 1992 1191 2080 γὰρ
1207 1996 1284 2056 σῖτον

157 2093 266 2180 ἔδουσ’,
288 2099 292 2184 Ι
313 2099 355 2162 οὐ
378 2095 491 2163 πίνουσ’
517 2099 631 2166 αἴθοπα
653 2100 738 2167 οἶνον.
761 2101 766 2187 Ι
787 2101 910 2188 Odyss.
926 2099 1026 2180 XIII,
1051 2098 1116 2165 409
1139 2096 1285 2161 ἔσθουσαι

155 2204 281 2291 βάλανον
314 2203 468 2288 μενοεικέα
488 2205 493 2290 Ι
512 2205 563 2270 καὶ
596 2206 686 2291 μέλαν
718 2207 799 2292 ὕδωρ
831 2203 976 2270 πίνουσαι.
995 2205 1007 2286 ΙΙ
1044 2202 1072 2284 Ι,
1097 2225 1124 2268 ο.
1149 2202 1212 2268 155
1234 2199 1285 2266 καὶ

152 2315 212 2372 τών
234 2308 374 2392 πρότερον
396 2319 401 2380 Ι
421 2309 471 2373 καὶ
492 2317 550 2375 τῶν
574 2315 622 2375 νῦν
647 2313 811 2375 ἑστεώτων.
833 2323 838 2392 Ι
878 2307 978 2374 Iliad.
1002 2306 1031 2388 Ι,
1056 2331 1087 2372 ν.
1101 2306 1144 2370 70
1166 2307 1198 2377 ὃς
1222 2296 1281 2390 ἤδη

152 2411 189 2474 τά
211 2405 235 2474 τ’
260 2412 372 2484 ἐόνταΙ
397 2412 434 2476 τά
455 2408 480 2477 τ’
504 2416 651 2499 ἐσσόμενα
671 2417 676 2501 Ι
703 2417 759 2500 πρό
782 2409 806 2477 τ’
830 2416 925 2477 ἐόντα.
944 2416 955 2496 ΙΙ
994 2410 1075 2492 VII,
1100 2432 1127 2475 o.
1151 2409 1193 2474 28
1217 2407 1284 2473 οὔτε

155 2542 188 2580 σε
210 2517 374 2602 ἀποκρύψω
395 2517 399 2599 Ι
419 2515 487 2580 οὔτε
503 2521 657 2606 σκήψομαι
668 2519 699 2604 ¹).
720 2525 724 2598 Ι
745 2519 786 2583 cf.
802 2517 889 2584 illud
902 2513 1056 2582 Homeri:
1082 2514 1283 2601 0dyss.‘IV‚

154 2621 219 2689 350
248 2619 333 2684 οὐδέν
364 2644 410 2684 τοι
441 2623 501 2704 ἐγὼ
533 2623 636 2710 κρώψω
668 2621 737 2694 ἔπος
757 2623 762 2705 Ι
783 2620 842 2686 οὐδ’
875 2620 1031 2684 ἐπικεύσω.
1050 2622 1062 2702 ΙΙ
1100 2618 1183 2684 Alia
1208 2641 1285 2705 par·

77 2791 80 2796 .
153 2725 206 2791 isa
240 2729 275 2790 et
304 2724 571 2792 homoeoteleuta
601 2726 644 2792 ad
674 2725 927 2792 similitudinem
957 2724 1105 2790 looornm
1133 2722 1285 2788 Homeri-

156 2850 269 2892 eorum
291 2827 370 2892 fieta
393 2828 552 2896 videntur
574 2835 614 2896 ut
634 2829 662 2912 Ι,
686 2853 713 2897 c.
728 2831 770 2897 88
793 2833 877 2895 πόλιν
898 2854 931 2894 τε
951 2829 1004 2913 τὴν
1028 2827 1082 2912 σὴν
1102 2825 1258 2912 διαρπάζει
1278 2826 1281 2912 Ι

159 2930 209 2994 καὶ
229 2933 372 3016 χρηματα
395 2929 432 2994 τὰ
463 2931 501 2995 σὰ
526 2934 688 3019 διαφορέει.
717 2936 721 3020 Ι
752 2958 779 3000 e.
804 2936 866 3000 155
901 2939 942 3006 ὡς
966 2934 1041 3018 μήτε
1063 2929 1283 3015 ἀποοτέωσιΙ

160 3037 234 3120 μήτε
258 3033 347 3097 δεινοί
370 3057 419 3098 τοι,
438 3033 455 3097 ἕ
464 3062 542 3100 ωσι.
564 3046 568 3112 Ι
604 3036 669 3120 ΙΠ,
695 3059 721 3103 ο.
738 3037 761 3102 4
781 3035 831 3101 καὶ
854 3039 975 3122 γνώμην
1009 3037 1130 3108 ἱκανὸς
1150 3036 1155 3124 Ι
1174 3036 1225 3100 καὶ
1248 3035 1285 3100 τὰ

156 3139 284 3223 πολέμια
307 3136 455 3223 ἄλκιμος.
474 3143 486 3222 ΙΙ
513 3163 540 3206 ο.
553 3140 596 3206 38
626 3143 658 3214 ὃς
680 3148 820 3228 χρηστῶς
850 3139 901 3225 μὲν
925 3140 977 3225 τὴν
1002 3147 1135 3207 σεωυτοῦ
1158 3143 1286 3229 πατρίδα

156 3245 449 3329 έπετρόττευσας,Ι
481 3245 514 3308 εὖ
550 3243 582 3307 δέ
614 3252 657 3330 τῷ
692 3245 778 3333 πατρὶ
809 3245 856 3331 αρ’
882 3246 947 3330 ἐμῷ
970 3245 1250 3332 συνεβούλευσας.
1274 3247 1286 3333 ΙΙ

259 3366 281 3434 ¹)
300 3365 438 3416 Accedunt
450 3365 532 3415 verba
542 3367 691 3428 Homerica,
704 3383 772 3432 quae
784 3372 928 3418 occurrunt
945 3369 974 3416 in
986 3366 1138 3417 Herodotea
1155 3369 1285 3430 oratione,

155 3458 185 3503 ut
196 3455 228 3515 7,
247 3469 270 3503 ο.
283 3451 317 3506 65
329 3450 400 3524 ἔρξαν
419 3450 435 3523 ἢ
452 3449 554 3505 ἔπαθον.
574 3453 607 3503 el.
621 3451 864 3517 odyss.v111,490
879 3451 932 3504 ὅστ’
946 3450 1016 3523 ἔρξαν
1028 3450 1052 3503 τ’
1068 3449 1161 3505 ἔπαθόν
1173 3472 1208 3506 τε.
1228 3453 1286 3516 711,

156 3553 179 3588 o.
191 3536 226 3589 28
238 3539 398 3608 ἐπιστάμενός
410 3559 449 3594 τοι
461 3541 586 3612 ἀτρεκέως
600 3537 738 3599 καταλέξω.
751 3542 786 3591 of.
797 3541 875 3591 Iliad.
884 3539 918 3602 X,
929 3538 981 3590 413
993 3546 1073 3592 ταῦτα
1086 3541 1145 3608 μοο’
1157 3541 1283 3613 ἀτρεκέως

156 3624 296 3687 καταλέξω.
315 3630 383 3681 illud
401 3631 511 3680 Homeri
529 3630 606 3682 Iliad.
625 3629 684 3691 711,
710 3626 759 3680 125
783 3627 800 3697 Ι
820 3645 849 3679 κε
869 3626 923 3695 μέγ’
942 3626 1057 3695 οἰμώξειε
1076 3631 1155 3701 γέρων
1182 3631 1216 3681 oi.
1235 3631 1288 3682 He·

156 3712 213 3762 rod.
239 3716 298 3777 711,
320 3713 369 3767 159
378 3717 396 3764 ²·
418 3745 448 3755 -
474 3719 598 3769 Jamvero
616 3717 658 3768 his
675 3717 803 3782 prooemii
820 3717 920 3767 verbio:
953 3716 1034 3786 ,μήτε
1054 3718 1086 3768 τὰ
1112 3718 1232 3786 γενόμενα
1254 3747 1285 3755 -

157 3795 257 3870 ἐξίτηλα
275 3801 385 3872 γένηται,
402 3804 406 3867 Ι
424 3804 488 3874 μήτε
513 3802 572 3874 ἔργα
603 3802 698 3873 μεγάλα
726 3833 755 3841 -·
788 3802 866 3856 ἀκλεᾶ
891 3803 1006 3872 γένηται“
1027 3805 1062 3854 ab
1081 3803 1216 3856 Herodoto
1233 3806 1288 3870 ipsi

156 3886 309 3938 adumbrati
341 3890 465 3942 videntur
501 3905 592 3942 versuo
623 3892 730 3942 Homeri
755 3891 834 3942 Iliad.
861 3893 946 3954 XXII,
976 3890 1035 3946 304.
1066 3889 1118 3944 305
1149 3891 1201 3961 ,μὴ
1234 3891 1284 3958 μὰν

156 3973 289 4115 ἀσηρυξίγε
307 3977 351 4028 καὶ
381 3978 489 4036 ἀκλειῶς
520 3977 693 4048 ἀπολοίμην,Ι
734 3979 799 4032 ἀλλὰ
830 3981 893 4049 μέγα
912 3979 981 4052 ,δέξας
999 3999 1023 4032 τι
1041 3980 1085 4032 καὶ
1102 3980 1287 4049 ἐσσομένοισι

157 4079 190 4114 πυ
222 4077 288 4116 σαι.
