3042 4592
168 455 367 542 πρόσφερέ
399 459 473 542 μοι)
520 454 570 522 καλ
601 457 786 543 ἀπόφερε
816 463 870 542 τῆν
899 456 1056 539 κόλικπΙ;
1086 453 1190 542 paulo
1218 458 1295 542 post

167 557 308 626 ibidem:
331 557 380 625 ἵνα
398 559 468 646 δὴή
490 559 645 647 κεφαλὴ
668 562 715 646 τῇ
737 564 896 647 κεφαλῇ
918 560 1065 646 ἀσσοτέρα
1086 558 1216 643 γένηται.
1231 555 1293 622 ibi-

166 661 242 728 dem
256 665 349 728 ποιεῖν
372 687 409 749 με
428 669 433 744 Ι
453 663 523 751 ἔφη,
548 667 720 751 στρατηγεῖν
743 659 769 728 δ’
793 665 847 731 οὐκ
865 663 872 752 Ι
891 664 1076 729 ἐπίστασθαι.
1100 659 1167 728 Vel
1182 683 1224 727 ex
1246 662 1295 726 eis

169 763 253 832 locis
266 765 412 854 perspici
423 771 535 855 potest
548 767 783 856 logographos,
808 788 890 854 quos
908 765 1094 854 Dionysius
1115 763 1171 849 (de
1185 762 1292 828 Thuc.

166 891 199 956 p.
222 867 285 938 819
319 870 405 958 sqq.)
437 867 539 957 plane
561 874 597 936 et
629 869 777 936 dilucide
806 869 978 957 scripsisse
1009 873 1045 935 et
1073 864 1294 954 popularibus

167 971 306 1038 vocibus
328 993 406 1038 usos
427 993 498 1038 esse
520 971 685 1053 affirmat,
710 971 800 1060 ipsos
822 993 953 1060 quoque
974 971 1018 1036 ab
1039 969 1103 1036 ills
1125 973 1201 1036 arte
1225 991 1292 1034 non

166 1095 304 1162 prorsus
326 1074 550 1142 abhorruisse.
595 1075 661 1142 Sed
679 1097 744 1162 quo
767 1074 911 1141 facilius
924 1073 1162 1159 intellegatur,
1187 1093 1292 1160 quan·

166 1181 284 1262 topere
306 1175 560 1243 Herodotus
581 1176 619 1243 in
644 1175 757 1244 studio
780 1175 967 1242 carminum
988 1173 1137 1256 Homeri,
1150 1177 1173 1256 ¹)
1195 1171 1292 1238 Hesi·

173 1277 236 1361 odi,
261 1277 402 1359 Solonis,
434 1277 580 1345 aliorum
606 1283 784 1367 poetarum
808 1284 966 1346 versatus
987 1275 1043 1359 sit,
1072 1280 1109 1342 et
1137 1273 1292 1360 quemad·

169 1381 303 1448 modum
317 1380 455 1448 illorum
466 1387 646 1470 poetarum
660 1381 902 1450 anctoritatem
914 1381 951 1447 in
960 1377 1160 1447 adhibendis
1172 1375 1294 1463 figuris

170 1485 374 1551 ornantibus
387 1491 523 1552 secutus
544 1486 581 1552 in
594 1508 692 1552 usum
714 1507 812 1551 suum
830 1505 946 1551 eorum
968 1480 1118 1548 artificia
1140 1480 1293 1546 conferre

166 1586 349 1669 studuerit,
381 1586 508 1654 selecta
537 1587 703 1674 quaedam
732 1586 887 1676 exempla
915 1585 1096 1674 proferam.
1148 1583 1202 1648 Ac
1223 1581 1291 1668 pri·

167 1712 258 1756 mum
282 1690 417 1776 quidem
431 1689 615 1774 videamus,
640 1712 727 1776 quae
745 1689 921 1756 antitheta
942 1687 1136 1755 Herodotus
1147 1685 1293 1752 Homero

168 1791 289 1859 debere
311 1793 407 1860 nobis
429 1791 598 1860 videatur.
644 1793 857 1879 Quamquam
879 1814 978 1880 saepe
997 1795 1090 1857 corto
1111 1784 1293 1854 diiudicari

169 1915 237 1960 non
256 1900 378 1982 potest,
402 1895 595 1962 utrnmilla
608 1897 789 1963 verborum
812 1893 1023 1962 concinnitas
1044 1915 1123 1958 casu
1146 1893 1224 1957 orta
1247 1907 1293 1953 an

168 1996 209 2063 de
225 1998 395 2066 industria
416 1999 511 2066 facta
524 2000 580 2082 sit,
604 2005 720 2066 tamen
737 1998 929 2079 antithesis,
954 1996 1014 2062 ubi
1027 1994 1093 2061 duo
1107 1992 1163 2060 vel
1185 1989 1290 2077 plura

169 2101 276 2168 verba
298 2102 350 2168 ita
372 2103 464 2170 inter
486 2123 521 2170 se
544 2101 698 2190 opposita
720 2107 810 2185 sunt,
843 2107 884 2167 ut
910 2098 1109 2166 orationem*
1128 2097 1292 2162 acriorem

166 2209 202 2270 et
223 2204 462 2272 instantiorem
484 2205 637 2286 reddant,
662 2204 711 2272 eis
732 2205 945 2293 potissimum
967 2201 1050 2268 locis
1082 2205 1158 2266 arte
1190 2205 1227 2266 et
1249 2198 1291 2265 de

165 2306 333 2375 industria
354 2308 493 2376 videtur
513 2313 610 2376 iacta
632 2330 702 2375 esse
724 2313 766 2374 ut
783 2307 811 2391 I,
835 2329 862 2372 o.
876 2309 932 2392 52)
954 2303 992 2369 τὰ
1020 2303 1078 2391 γὰρ
1107 2302 1147 2367 τὸ
1169 2302 1293 2367 πάλαι

165 2411 320 2495 μεγάλα
350 2411 479 2500 halect
501 2411 597 2478 πολλὰ
633 2411 730 2477 αὐτῶν
768 2410 907 2498 σμικρὰ
941 2412 1054 2496 γέγονε,
1072 2412 1085 2493 ΙΙ
1100 2407 1137 2474 τὰ
1173 2406 1206 2471 δὲ
1240 2408 1293 2470 ἐπ’

164 2515 256 2598 ἐμοῦ
279 2517 316 2601 ἦν
340 2516 489 2601 μεγάλα,
509 2521 514 2597 Ι
535 2519 718 2604 πρότερον
741 2516 779 2601 ἢν
803 2514 958 2602 σμικρά.
975 2517 988 2600 ΙΙ
1017 2514 1098 2598 VII,
1115 2515 1165 2583 10.
1190 2514 1292 2598 εόρᾷς

163 2615 199 2682 τὰ
222 2618 476 2707 ὑπερέχοντα
506 2622 574 2708 (pu
604 2626 645 2693 ὡς
674 2624 812 2706 κεραυνοῖ
841 2623 857 2683 ὁ
887 2618 957 2693 θεὸς
987 2619 1057 2684 οὐδὲ
1085 2618 1124 2704 ἐφ
1146 2616 1291 2704 φαντάζε-

164 2723 235 2787 σθαι
261 2725 268 2808 Ι
294 2721 332 2787 τὰ
360 2723 393 2788 δὲ
424 2723 568 2812 σμικρὰ
599 2725 684 2790 οὐδέν
718 2749 766 2809 μιν
796 2724 898 2796 κνίζει.
915 2726 928 2810 ΙΙ
945 2724 1021 2811 ὁρᾷς·
1049 2722 1083 2787 δὲ
1115 2727 1155 2795 ὡς
1178 2720 1292 2794 ἐς..τᾶ

164 2825 287 2909 μέγιστα
409 2825 490 2910 Vll,
515 2851 541 2894 c.
566 2830 607 2898 14
631 2833 671 2900 ὡς
694 2825 743 2893 καὶ
769 2827 891 2912 μέγας
912 2826 977 2892 καὶ
1009 2825 1157 2900 πολλός
1191 2829 1291 2912 ἐγένεο

165 2933 194 2996 ἐν
230 2931 323 3016 ὀλίγῳ
358 2932 468 3018 χρόνῳ,
496 2931 501 3020 Ι
528 2932 606 2997 οὕτω
641 2930 707 2996 καὶ
742 2931 928 3005 ταπεινός
964 2932 1059 2997 ὀπίσω
1093 2927 1171 2997 κατὰ
1199 2933 1291 3020 τάχος

164 3034 247 3101 ἔσται
261 3037 298 3120 ΙΙ.
323 3031 481 3100 Occurrit
503 3031 586 3098 haec
608 3032 781 3100 sententia
803 3032 1039 3099 -interdum
1061 3033 1163 3121 paulo
1194 3035 1287 3100 vari·

163 3142 223 3205 ata
244 3137 353 3204 forma
374 3172 416 3184 -
430 3156 529 3224 saepe
552 3134 643 3222 apud
666 3134 853 3201 Homerum
876 3134 977 3201 Iliad.
1001 3134 1063 3218 VI,
1089 3137 1150 3206 149
1174 3135 1290 3223 ἀνδρῶν

162 3241 249 3328 γενεὴ
272 3243 292 3326 λ)
317 3239 369 3326 μὲν
392 3239 535 3326 φύει,Ιῆ
560 3241 585 3302 δ’
607 3239 754 3324 ἀπολήγει
771 3242 797 3321 ΙΙ,
813 3238 892 3323 XX,
924 3239 989 3308 242
1020 3238 1095 3311 Ζεὺς
1128 3242 1153 3303 δ’
1183 3240 1290 3326 ἀρετὴν

265 3465 287 3534 ¹)
305 3468 473 3532 Quamquam
490 3466 568 3517 multi
586 3469 655 3526 sunt,
675 3464 721 3530 qui
739 3464 848 3515 Homeri
865 3465 970 3517 dicendi
990 3465 1121 3514 rationem
1137 3479 1235 3530 magna
1253 3481 1284 3517 ex

161 3556 236 3618 parta
255 3551 399 3613 „historiae
417 3557 535 3620 patrem“
560 3554 694 3602 initatum
722 3565 780 3602 esse
805 3550 903 3611 dicant,
930 3555 961 3601 ut
989 3549 1085 3600 Wandt
1109 3549 1187 3615 (tiber
1203 3550 1289 3602 Achn-

160 3635 271 3688 lichheit
289 3637 336 3689 der
354 3638 473 3705 Sprache
489 3638 623 3691 Herodots
646 3640 696 3689 mit
721 3637 767 3688 der
793 3636 839 3687 der
861 3635 969 3703 Epiker,
995 3634 1174 3700 Greiffenberg
1200 3632 1288 3702 1856),

161 3721 298 3772 Fritzsche
312 3721 356 3787 (de
372 3724 457 3774 initiis
478 3739 574 3790 prosae
591 3721 719 3775 orationis
731 3721 805 3789 apud
817 3720 942 3784 Graecos,
961 3721 1080 3773 Rostock
1099 3719 1187 3789 1875),
1205 3722 1288 3773 Hofer

163 3808 239 3874 (iiber
250 3808 293 3859 die
302 3810 535 3862 Verwandtsohaft
553 3811 599 3862 des
608 3808 735 3861 Herodot.
750 3808 815 3860 Stils
832 3809 882 3859 mit
899 3807 958 3858 dem
971 3809 1077 3859 Homer.
1087 3808 1181 3858 Meran
1199 3807 1288 3875 1878),

160 3899 249 3945 tamen
266 3893 299 3944 de
316 3894 368 3946 hae
386 3895 566 3959 similitudine,
585 3901 715 3962 quantum
734 3894 798 3957 seio,
817 3909 907 3944 eorum
924 3909 999 3944 nemo
1017 3893 1151 3944 disseruit.

264 3978 287 4047 ²)
306 3979 374 4030 (lum
404 3981 539 4047 prioribus
567 3981 671 4032 verbis:
706 3980 815 4050 ,σμικρὰ
839 3980 883 4030 καὶ
912 3979 1007 4046 μεγάλα
1037 3979 1113 4032 ἄστεα
1141 3978 1286 4051 ἀνθρώπων

160 4062 278 4125 όπτξιών“
299 4065 417 4117 conferre
426 4065 489 4117 licet
496 4065 563 4118 illud
570 4067 694 4119 Homeri:
713 4064 857 4138 daipertus
875 4064 924 4118 ἰλτν
939 4065 1035 4137 dorsa}
1051 4067 1095 4118 καὶ
1112 4067 1170 4121 νόον
1189 4056 1262 4139 ἔγνον.
