3042 4592
718 204 919 274 ..24ss

251 409 402 477 stndium
445 410 586 476 illarum
625 410 900 499 antiquissimum
944 429 1016 474 esse
1058 403 1218 491 intellegi
1259 402 1377 491 possit.

251 513 374 581 Poetas
407 518 521 580 autem
551 534 690 601 graecos
720 513 892 581 inferioris
923 512 1051 578 aetatis
1081 528 1196 576 omnes
1228 507 1299 573 fere
1339 527 1381 572 ex

251 617 396 685 Homero
419 622 455 684 et
467 615 615 683 Hesiodo
636 621 802 706 tanquam
825 637 843 682 e
865 615 960 681 fonte
981 611 1123 700 perenni
1138 610 1290 678 hausisse
1304 610 1380 699 quis

250 721 376 809 estqui
393 721 546 790 nesciat?
569 718 662 802 Quid
682 720 805 787 mirum
826 719 915 806 qnod
934 721 1063 806 poetae,
1078 717 1137 805 qui
1154 714 1295 782 Homeri
1318 717 1381 778 aut

250 821 390 890 Hesiodi
410 823 586 912 ingenium
608 823 704 910 sequi
727 822 913 890 studebant
935 825 971 888 et
992 842 1107 887 eorum
1122 840 1231 907 genus
1246 815 1382 884 dicendi

250 925 293 992 ad
315 926 516 993 imitandum
538 925 604 992 sibi
625 926 773 993 maxime
790 927 1033 1015 proponebant,
1057 922 1160 990 iidem
1174 922 1228 988 his
1243 917 1378 987 dicendi

249 1029 458 1096 ornamentis
487 1034 591 1118 atque
619 1029 724 1096 etiam
752 1050 853 1117 saepe
874 1027 1043 1094 similibus
1065 1024 1280 1093 utebantur?
1324 1018 1380 1087 Hx

249 1133 358 1219 poetis
391 1131 551 1221 elegiacis
582 1132 707 1221 primos
729 1131 903 1200 Collinum
933 1134 970 1198 et
991 1129 1191 1219 Tyrtaeum,
1225 1130 1302 1215 post
1324 1144 1384 1189 eos

248 1234 411 1319 Solonem,
446 1234 687 1322 Theognidem,
722 1235 809 1302 alios
842 1256 910 1310 non
939 1233 1047 1302 solum
1087 1231 1285 1314 sententias,
1320 1225 1380 1293 sad

250 1336 354 1404 etiam
377 1360 538 1406 versuum
560 1343 676 1427 partes
709 1343 745 1405 et
780 1337 909 1405 multas
942 1336 1106 1404 formulas
1136 1357 1179 1401 ex
1210 1333 1272 1399 hoc
1293 1352 1379 1398 com·

250 1442 345 1508 muni
364 1440 512 1507 omnium
534 1441 629 1509 fonte
650 1441 802 1508 hausisse
825 1445 861 1508 et
883 1440 1091 1508 carminibus
1104 1438 1175 1506 suis
1195 1434 1378 1504 inseruisse

248 1543 318 1611 viri
339 1544 430 1610 docti
451 1549 630 1611 senserunt
651 1549 688 1611 et
709 1543 837 1610 multas
858 1543 999 1610 Homeri
1021 1546 1083 1610 aut
1098 1539 1240 1609 Hesiodi
1263 1539 1378 1606 imita·

247 1646 358 1713 tiones
380 1644 615 1732 attulerunt.¹)
653 1646 777 1735 Itaque
799 1647 859 1714 vix
882 1645 1006 1712 mirum
1029 1643 1168 1712 videtur
1190 1643 1280 1729 qnod
1302 1642 1378 1729 ipsa

246 1771 377 1840 quoque
408 1750 573 1817 orationis
601 1749 741 1833 lumina,
776 1771 863 1839 quae
900 1749 1035 1838 saepius
1073 1747 1163 1837 apud
1195 1769 1251 1814 eos
1282 1745 1376 1813 inve·

247 1853 399 1936 niuntur,
432 1853 620 1920 Homericis
650 1859 712 1920 aut
741 1853 918 1922 Hesiodeis
948 1852 1075 1920 similia
1103 1851 1275 1920 videntur.
1321 1847 1377 1914 Hx

248 1956 386 2023 infinita
408 1956 636 2044 exemplorum
658 1957 754 2046 copia
777 1957 860 2024 haec
881 1977 992 2046 panca
1013 1977 1120 2022 sumo:

352 2059 560 2126 Callinus
575 2058 640 2145 (ed.
652 2059 797 2146 Bergk.)
805 2059 833 2142 Ι,
848 2082 880 2127 v.
896 2059 969 2130 301⁴.
984 2058 1085 2125 Iliad.
1101 2057 1148 2141 ΙΙ,
1164 2058 1237 2128 797.
1253 2055 1379 2123 ibidem

247 2187 278 2230 v.
296 2164 347 2234 16.
374 2161 415 2231 17
438 2160 479 2227 cf.
494 2160 615 2249 Odyss.
629 2160 671 2243 V,
697 2164 878 2233 809-812.
915 2160 1016 2228 Iliad.
1032 2161 1109 2245 XV,
1125 2159 1305 2231 494-497.
1342 2157 1377 2223 A

246 2265 451 2354 Tyrtaeo
475 2263 552 2351 (XI,
576 2288 608 2333 v.
625 2267 768 2352 91-38)
790 2264 873 2332 haec
896 2265 1003 2333 verba
1023 2263 1198 2330 iterantur
1219 2266 1283 2330 ant
1304 2263 1378 2328 bre-

246 2367 338 2436 viter
360 2373 568 2436 commutata
590 2374 781 2458 ponuntur:
818 2369 869 2435 καί
903 2371 983 2434 πόδα
1018 2368 1087 2455 παρ’
1120 2367 1191 2432 ποδί
1222 2365 1286 2439 bel<
1306 2366 1311 2453 1
1330 2365 1382 2431 καί

246 2473 292 2536 ἐπ’
315 2472 438 2546 ἀσπίδος
462 2473 562 2538 ἀσπίδ’
586 2473 712 2560 ἐρείσας,
734 2474 739 2560 Ι
759 2474 790 2538 ἐν
814 2472 848 2537 δὲ
877 2475 970 2560 λόφον
992 2498 1025 2537 τε
1056 2474 1152 2560 λόφῳ,
1173 2472 1179 2559 1
1202 2470 1253 2537 καὶ
1274 2471 1380 2556 κυνέην

245 2577 344 2664 rosen,
366 2576 370 2664 l
390 2575 440 2642 καὶ
463 2578 579 2665 στέρνον
604 2578 725 2664 στέρνῳ.
738 2578 752 2666 Ι.
777 2576 1085 2661 corinenses.
1109 2575 1190 2659 XII,
1212 2576 1284 2646 130·
1306 2575 1379 2644 131.
1508 2561 1511 2580 Ι

245 2679 365 2770 Odyss.
389 2681 472 2766 VH,
498 2684 569 2753 120.
594 2684 666 2753 121.
710 2679 826 2762 XVII,
854 2681 928 2751 217.
952 2682 1026 2752 218.
1070 2679 1151 2746 Hes.
1175 2699 1246 2766 erg.
1269 2702 1303 2745 v.
1326 2677 1379 2746 25.

245 2784 287 2855 26
318 2790 382 2851 etc.
418 2826 462 2834 -
496 2786 591 2854 Ηοοο
620 2787 802 2865 schemata,
834 2805 921 2871 quae
952 2783 1044 2872 apud
1074 2781 1381 2869 Theognidem

247 2887 470 2977 reperiuntur
491 2913 524 2955 v.
554 2889 626 2961 158.
650 2888 722 2958 021.
746 2887 821 2957 929.
844 2888 908 2957 980
930 2885 1121 2974 comparari
1142 2889 1283 2974 possunt
1304 2905 1380 2950 curn

244 2991 451 3059 Homericis:
476 2991 576 3058 Iliad.
595 2991 658 3075 IX,
685 2990 756 3060 110.
774 2990 848 3059 450.
872 2989 1005 3072 XXIV,
1030 2990 1104 3059 580.
1128 2987 1249 3075 Odyss.
1273 2985 1376 3070 VIII,

246 3095 297 3165 03.
321 3096 373 3165 64.
401 3093 499 3176 XIV,
524 3095 576 3166 83.
599 3097 652 3166 84·
674 3133 717 3145 -

346 3197 494 3282 Theogn.
519 3221 551 3264 v.
577 3199 669 3270 1107.
692 3202 735 3271 08
767 3199 948 3286 κατάχαρμα
980 3196 1032 3283 μὲν
1055 3196 1187 3282 ἐχθροῖς,
1218 3193 1223 3281 l
1251 3195 1312 3265 τοῖς
1345 3191 1379 3255 δὲ

240 3301 355 3387 ’φίλοισι
382 3303 508 3387 adonai}
567 3301 609 3366 of.
641 3302 742 3368 Iliad.
766 3303 833 3385 ΙΙΙ,
865 3305 908 3374 50
939 3302 1111 3387 δυσμενέσιν
1149 3298 1201 3384 μὲν
1231 3298 1345 3384 χάρμα,
1373 3307 1378 3392 Ι

243 3405 408 3492 κατηφείην
439 3406 472 3470 δέ
496 3431 542 3469 σοι
565 3405 660 3493 abaco.
704 3405 824 3492 Odysa
854 3406 916 3493 Vl,¹
948 3408 1010 3476 184
1042 3405 1126 3472 πολλ’
1151 3405 1246 3488 ἄλγεα
1270 3407 1379 3489 δυσμε-

242 3509 348 3592 νέεσσι,
377 3508 380 3595 l
408 3509 549 3596 χάρματα
580 3511 606 3573 δ’
640 3509 823 3595 εὐμενέτῃσι.
839 3516 853 3589 ΙΙ
895 3510 1045 3595 Theogn.
1077 3533 1110 3576 v.
1141 3510 1183 3579 90
1214 3510 1246 3581 ὅς
1278 3504 1377 3595 κἐἴπρ

347 3703 368 3768 ¹)
396 3700 586 3765 Kuellenberg,
616 3700 649 3751 de
675 3702 823 3752 imitatione
852 3701 1032 3767 Theognidea,
1064 3701 1128 3751 diss.
1158 3701 1265 3765 urgent.
1298 3697 1376 3754 1877.

242 3789 353 3850 Renner,
372 3773 447 3837 Ilbar
459 3787 508 3836 das
522 3786 715 3838 Formelwesen
733 3791 770 3838 im
787 3788 887 3854 griech.
906 3788 978 3853 Epos
996 3786 1051 3837 und
1070 3804 1111 3853 ep.
1130 3786 1270 3837 Reminisc.
1290 3787 1319 3835 in
1332 3785 1379 3836 der

242 3874 343 3925 alcoran
361 3872 460 3939 griech.
478 3871 520 3920 El.
538 3873 611 3938 Lips.
630 3871 706 3924 1872.
723 3875 848 3936 Lentsch,
866 3873 963 3924 Philol.
980 3872 1032 3924 vol.
1051 3872 1150 3922 XXIX.
1168 3871 1253 3922 XXX.
1280 3871 1379 3931 Hilier,

241 3976 276 4010 zu
294 3959 435 4024 Theognis.
471 3956 601 4020 Fleckeis,
619 3959 733 4011 Jahrbb.
753 3958 829 4013 1881.
864 3960 895 4009 Α.
909 3959 1034 4020 Oorsenn,
1054 3960 1222 4024 quaestiones
1242 3958 1377 4024 Theogni-

243 4046 316 4108 deao,
336 4048 411 4114 Lips.
430 4042 505 4100 1887.
