3042 4592
623 202 820 297 ..23-

151 433 258 499 όπιδεν
278 432 310 498 δὲ
329 432 455 520 δράκων,
477 433 481 519 Ι
503 434 597 519 μέσση
623 431 656 498 δέ
676 433 812 520 χίμαιρα.
835 434 839 520 Ι
873 433 928 499 Ex
946 429 1025 497 aliie
1039 431 1099 497 hos
1113 432 1202 497 locos
1216 431 1283 497 Ho-

152 537 288 604 mericis
301 535 428 604 similes
442 536 563 604 adicio:
579 537 658 603 Hes.
670 559 740 624 erg.
753 561 788 604 v.
798 537 911 607 1500f.
922 535 1022 601 Iliad.
1031 535 1131 618 VIII,
1143 535 1192 603 15.
1202 533 1283 603 Hes.

151 664 223 726 erg.
239 666 271 708 ν.
288 643 349 712 101
364 642 450 726 πλείη
476 639 528 726 μέν
549 640 605 727 γὰρ
627 643 699 724 γαῖα
721 647 831 723 κακῶν,
852 640 859 724 Ι
877 640 965 724 πλείη
981 637 1014 702 δὲ
1037 639 1187 704 θάλασσα.
1207 641 1212 720 Ι
1240 638 1282 703 cf.

151 744 254 810 Iliad.
264 743 363 827 VIIl,
375 769 407 810 v.
422 748 465 816 24
476 745 557 832 αὐτ-ρ’
571 769 619 810 κεν
635 745 706 832 γαίῃ
721 745 882 832 ἐρύσαιμ’,Ι
899 744 979 830 αὐτῇ
992 768 1024 808 τε
1039 742 1187 828 θαλάσσῃ.
1203 741 1282 808 Hes

151 869 224 933 erg.
239 871 271 915 v.
287 849 350 918 391
365 848 407 914 oi.
419 847 538 938 Odyss.
554 847 632 931 XV,
650 849 720 919 118.
737 851 799 920 119
814 849 893 914 Hes.
911 870 982 935 erg.
997 870 1029 912 v.
1044 847 1107 917 311
1122 846 1165 911 of.
1181 843 1282 912 Iliad.

151 949 215 1033 IX,
245 951 317 1020 319.
350 951 424 1022 320.
468 951 602 1034 Quibus
633 957 669 1018 et
697 952 777 1018 aliis
808 951 928 1018 multis
959 949 1042 1015 locis
1072 950 1186 1016 eodem
1210 950 1282 1016 iere

150 1055 257 1133 modo,
272 1075 338 1140 quo
353 1053 527 1138 Homerus,
544 1054 711 1122 Hesiodus
726 1055 792 1120 illa
818 1054 994 1121 schemata
1012 1074 1178 1140 usurpare
1201 1052 1285 1119 mihi

152 1157 287 1242 quidem
309 1155 457 1224 videtur.
502 1155 644 1225 Hesiodi
676 1165 790 1225 autem
813 1157 966 1223 carmina
988 1178 1063 1222 oum
1085 1178 1152 1222 non
1175 1157 1283 1223 solnm

151 1259 332 1345 delectare,
356 1260 414 1327 sed
436 1261 541 1329 etiam
563 1263 681 1328 docere
701 1260 822 1343 velint,
848 1266 884 1326 et
904 1281 1059 1348 „opernm
1076 1264 1113 1325 et
1129 1260 1279 1326 dicrum“

152 1383 279 1446 magna
301 1385 381 1450 pars
401 1364 659 1452 „antiquissima
681 1368 865 1452 praecepte
885 1364 1059 1450 practicae
1074 1362 1282 1430 Graecorum

150 1466 435 1555 philosophiae“¹)
451 1467 635 1548 contineat,
659 1489 726 1533 non
740 1465 931 1532 mirandum
945 1464 1084 1532 videtur
1096 1488 1163 1531 non
1174 1487 1285 1553 pauca

152 1569 318 1636 orationis
341 1568 472 1638 lumina
502 1567 592 1659 apud
614 1568 798 1635 Hesiodum
831 1567 991 1653 inveniri,
1023 1591 1110 1656 quae
1140 1574 1184 1637 ab
1216 1572 1284 1637 Ho-

154 1673 296 1739 mericis
326 1671 468 1754 distant,
506 1672 542 1739 id
576 1671 665 1757 quod
699 1674 843 1759 apparet
878 1672 935 1737 vel
970 1693 1012 1738 ex
1044 1672 1098 1738 his
1125 1671 1286 1739 Hesiodei

153 1775 317 1865 prooemii
329 1776 356 1861 ²)
379 1776 535 1842 versibus
559 1775 690 1860 (3-7):

255 1877 365 1965 ἄφατοί
387 1902 419 1942 τε
452 1878 541 1964 φατοί
571 1881 638 1961 τε,Ι
667 1878 751 1963 ῥητοί
779 1879 804 1941 τ’
829 1878 953 1964 ἄρρητοί
973 1903 1006 1942 τε
1028 1878 1098 1951 Διὸς
1121 1928 1129 1944 ,
1154 1879 1191 1962 ,ΙΙ
1230 1879 1285 1964 ρέα

255 1981 377 2069 μὲνγὰρ
393 1983 496 2070 βριάει,
518 1983 523 2072 Ι
544 1983 597 2068 ρέα
615 1979 649 2046 δὲ
669 1982 808 2069 βριάοντα
825 1983 976 2068 χαλέπτει,
998 1982 1003 2069 Ι
1024 1984 1089 2068 ῥεῖα
1115 1983 1284 2069 δ’ἀρίζηλον

255 2086 380 2171 μινιίδει,
411 2087 416 2173 Ι
444 2085 495 2152 καί
523 2086 634 2171 ἄδηλον
665 2085 754 2164 ἀέξει,
781 2086 786 2172 Ι
813 2087 878 2171 ῥεῖα
907 2086 941 2150 δέ
963 2087 987 2150 τ’
1012 2087 1107 2152 toton
1137 2085 1253 2152 σκολιόν
1277 2088 1282 2172 Ι

255 2189 306 2256 καί
328 2193 461 2277 ἀγήνορα
482 2191 599 2278 κάρφει.
621 2190 626 2278 Ι

256 2293 363 2359 Poeta
386 2293 448 2361 ille
470 2295 507 2360 in
529 2295 579 2362 eis
601 2293 791 2374 sententiis,
815 2292 938 2380 quibus
955 2293 1010 2380 pie
1032 2291 1074 2358 de
1086 2292 1167 2360 Iove
1186 2294 1280 2377 dicit,

150 2395 195 2462 ad
227 2396 295 2462 vim
327 2398 575 2464 contrariorum
607 2397 822 2483 (ἀντιθέτων)
854 2395 1046 2480 augendam
1080 2419 1146 2462 non
1176 2399 1284 2465 solum

150 2498 250 2586 paria
279 2501 421 2587 paribus
453 2500 630 2588 adiungit,
675 2501 732 2566 sed
768 2499 873 2566 etiam
910 2501 1149 2588 repetitionem
1182 2501 1283 2569 huius

150 2601 245 2668 vocis
267 2606 370 2692 (ῥεῖα)
393 2610 455 2690 ῥέα
486 2609 609 2693 quater
639 2603 789 2670 adhibet.
845 2602 1000 2691 Denique
1023 2604 1090 2670 huo
1111 2605 1282 2673 referendi

150 2710 232 2784 sunt
253 2707 292 2772 hi
314 2729 448 2774 versus:
482 2729 552 2794 erg.
577 2709 746 2777 353—356
769 2707 818 2772 τόν
841 2708 981 2793 φιλέοντα
1004 2709 1124 2795 φιλεῐνΙ
1165 2709 1214 2774 καί
1236 2711 1284 2798 rcp'

152 2810 301 2895 προσιόντι
332 2813 493 2896 προσεῖναι,
508 2810 523 2896 ΙΙ
545 2809 596 2875 καί
628 2811 717 2896 δόμεν
749 2813 782 2883 ός
810 2836 860 2877 κεν
883 2811 939 2898 tp]
961 2817 966 2890 Ι
986 2811 1036 2877 καὶ
1063 2813 1104 2899 μὴ
1130 2817 1229 2900 δόμεν,
1252 2818 1284 2889 ὅς

151 2937 201 2978 κεν
232 2913 273 2999 μὴ
306 2913 362 3001 δφῖ,
387 2915 402 3000 ΙΙ
421 2916 501 3000 δώτῃ
536 2915 588 2999 μέν
619 2938 662 2986 τις
685 2914 806 2996 ἔδωκεν,
827 2917 832 3003 Ι
852 2919 955 3003 ἀδώτῃ
980 2920 1007 2980 δ’
1024 2916 1058 2982 οὔ
1080 2943 1122 2991 τις
1145 2918 1251 2986 ἔδωκε.
1268 2921 1282 3006 ΙΙ

154 3040 187 3082 v.
212 3018 285 3087 715.
309 3019 373 3088 716
405 3016 482 3102 μηδὲ
504 3017 743 3088 πολόξεινον
764 3019 768 3104 Ι
789 3019 859 3104 μηδ’
884 3019 1046 3091 ἄξεινον
1068 3022 1239 3088 καλέεσθαι.
1278 3024 1282 3108 Ι

153 3120 234 3206 μηδὲ
248 3127 348 3187 κακῶν
363 3123 475 3208 ἕταρον,
497 3121 501 3207 Ι
522 3121 593 3207 μηδ’
617 3123 734 3187 ἐσίλλῶν
757 3131 925 3209 νεικητῆρα.
939 3125 954 3209 ΙΙ
979 3125 1112 3205 Quibus
1133 3125 1170 3190 in
1187 3147 1283 3212 prae-

151 3225 259 3311 ceptis
281 3225 451 3306 brevibus,
475 3247 562 3312 quae
584 3227 775 3312 proverbiis
797 3227 905 3292 multo
927 3227 1093 3292 similiora
1115 3227 1279 3294 videntur

153 3347 254 3414 quam
269 3326 449 3392 sententiis
463 3326 659 3409 Homericis,
684 3329 797 3395 elucet
810 3329 960 3395 studium
975 3329 1123 3394 omnium
1144 3330 1284 3396 illarum

151 3429 317 3494 orationis
338 3429 532 3511 formarum,
557 3453 643 3519 quae
667 3441 923 3520 ποροιομοσίοι,
946 3440 1086 3521 πάρισα,
1109 3436 1284 3502 'assidere

151 3538 330 3597 vocantur.
375 3531 440 3597 Sed
471 3531 555 3599 haec
577 3534 753 3601 sufficiant
775 3535 816 3601 de
840 3557 957 3602 earum
979 3536 1166 3601 formarum
1188 3535 1280 3622 apud

151 3632 335 3701 Homerum
349 3641 384 3701 et
397 3634 580 3704 Hesiodum
595 3663 667 3724 usu,
691 3661 767 3704 cum
789 3639 846 3706 vel
860 3663 900 3706 ex
920 3639 969 3705 eis
982 3661 1068 3726 quae
1083 3638 1276 3721 attulimus,

255 3809 276 3875 ¹)
295 3809 328 3858 oi.
341 3807 462 3872 Fietkau,
483 3810 516 3861 de
527 3813 675 3862 carminum
689 3812 880 3863 Hesiodeorum
892 3819 973 3878 atque
985 3814 1144 3879 hymnorum
1156 3821 1284 3880 quattuor

151 3909 308 3960 magnorum
325 3894 464 3946 vocabulis
482 3911 536 3947 nou
552 3899 702 3949 Homericis
720 3915 746 3964 p.
763 3897 806 3950 29.

260 3980 282 4048 Ἰ
300 3979 333 4031 V.
359 3993 428 4044 qnae
453 3980 485 4032 de
509 3986 642 4049 prooemio
660 3985 691 4034 Α.
709 3984 852 4035 Kirchhoff
865 3983 998 4034 disseruit.
1017 3983 1171 4051 (Hesiodoe'
1189 3988 1282 4038 Malun-

150 4067 234 4118 lieder
251 4081 287 4118 an
304 4065 407 4116 Perses.
436 4065 526 4118 Berlin
545 4066 622 4136 1889)
642 4085 666 4135 p.
685 4066 726 4120 38.
