<?xml version="1.0" encoding="UTF-8"?>
<!DOCTYPE html PUBLIC "-//W3C//DTD XHTML 1.0 Transitional//EN"
    "http://www.w3.org/TR/xhtml1/DTD/xhtml1-transitional.dtd">
<html xmlns="http://www.w3.org/1999/xhtml" xml:lang="en" lang="en">
 <head>
  <title>
</title>
<meta http-equiv="Content-Type" content="text/html;charset=utf-8" />
  <meta name='ocr-system' content='tesseract 3.04.00' />
  <meta name='ocr-capabilities' content='ocr_page ocr_carea ocr_par ocr_line ocrx_word'/>
</head>
<body>
  <div class='ocr_page' id='page_1' title='image "./defigurarumquae01niesgoog_0030.png"; bbox 0 0 3042 4592; ppageno 0'>
   <div class='ocr_carea' id='block_1_1' title="bbox 713 237 909 310">
    <p class='ocr_par' dir='ltr' id='par_1_1' title="bbox 713 237 909 310">
     <span class='ocr_line' id='line_1_1' title="bbox 713 237 909 310; baseline 0 -22"><span class='ocrx_word' id='word_1_1' title='bbox 713 237 909 310; x_wconf 74' lang='lat'>..23-</span> 
     </span>
    </p>
   </div>
   <div class='ocr_carea' id='block_1_2' title="bbox 246 443 1489 947">
    <p class='ocr_par' dir='ltr' id='par_1_2' title="bbox 246 443 1489 947">
     <span class='ocr_line' id='line_1_2' title="bbox 246 443 1377 536; baseline 0.004 -26"><span class='ocrx_word' id='word_1_2' title='bbox 246 443 350 511; x_wconf 85' lang='lat' dir='ltr'>fuisse</span> <span class='ocrx_word' id='word_1_3' title='bbox 373 443 542 529; x_wconf 84' lang='lat' dir='ltr'>dicuntur,</span> <span class='ocrx_word' id='word_1_4' title='bbox 582 444 651 511; x_wconf 89' lang='lat' dir='ltr'>iam</span> <span class='ocrx_word' id='word_1_5' title='bbox 673 443 801 513; x_wconf 86' lang='lat' dir='ltr'>nullus</span> <span class='ocrx_word' id='word_1_6' title='bbox 831 448 903 525; x_wconf 86' lang='lat' dir='ltr'>fere</span> <span class='ocrx_word' id='word_1_7' title='bbox 934 449 1036 536; x_wconf 86' lang='lat' dir='ltr'>poeta</span> <span class='ocrx_word' id='word_1_8' title='bbox 1065 452 1126 533; x_wconf 86' lang='lat' dir='ltr'>est,</span> <span class='ocrx_word' id='word_1_9' title='bbox 1162 445 1254 534; x_wconf 82' lang='lat' dir='ltr'>apud</span> <span class='ocrx_word' id='word_1_10' title='bbox 1275 465 1377 534; x_wconf 90' lang='lat' dir='ltr'>quem</span> 
     </span>
     <span class='ocr_line' id='line_1_3' title="bbox 247 546 1377 640; baseline 0.002 -26"><span class='ocrx_word' id='word_1_11' title='bbox 247 546 437 614; x_wconf 86' lang='lat' dir='ltr'>sententias</span> <span class='ocrx_word' id='word_1_12' title='bbox 457 546 515 614; x_wconf 87' lang='lat' dir='ltr'>vel</span> <span class='ocrx_word' id='word_1_13' title='bbox 537 553 720 637; x_wconf 87' lang='lat' dir='ltr'>praecepta</span> <span class='ocrx_word' id='word_1_14' title='bbox 747 549 850 637; x_wconf 90' lang='lat' dir='ltr'>plena</span> <span class='ocrx_word' id='word_1_15' title='bbox 881 550 1070 640; x_wconf 74' lang='lat' dir='ltr'>sapientiae</span> <span class='ocrx_word' id='word_1_16' title='bbox 1092 551 1286 640; x_wconf 87' lang='lat' dir='ltr'>saepissima</span> <span class='ocrx_word' id='word_1_17' title='bbox 1307 572 1377 617; x_wconf 90' lang='lat' dir='ltr'>non</span> 
     </span>
     <span class='ocr_line' id='line_1_4' title="bbox 246 649 1374 738; baseline 0.004 -23"><span class='ocrx_word' id='word_1_18' title='bbox 246 650 463 738; x_wconf 88' lang='lat' dir='ltr'>reperiamus.</span> <span class='ocrx_word' id='word_1_19' title='bbox 509 649 583 718; x_wconf 90' lang='lat' dir='ltr'>Has</span> <span class='ocrx_word' id='word_1_20' title='bbox 605 657 720 719; x_wconf 88' lang='lat' dir='ltr'>autem</span> <span class='ocrx_word' id='word_1_21' title='bbox 742 653 934 720; x_wconf 85' lang='lat' dir='ltr'>sententies</span> <span class='ocrx_word' id='word_1_22' title='bbox 954 653 1028 720; x_wconf 90' lang='lat' dir='ltr'>illie</span> <span class='ocrx_word' id='word_1_23' title='bbox 1050 653 1214 720; x_wconf 88' lang='lat' dir='ltr'>orationis</span> <span class='ocrx_word' id='word_1_24' title='bbox 1236 652 1374 720; x_wconf 91' lang='lat' dir='ltr'>lumini-</span> 
     </span>
     <span class='ocr_line' id='line_1_5' title="bbox 247 752 1377 845; baseline 0.004 -27"><span class='ocrx_word' id='word_1_25' title='bbox 247 753 311 818; x_wconf 91' lang='lat' dir='ltr'>bus</span> <span class='ocrx_word' id='word_1_26' title='bbox 331 774 417 841; x_wconf 89' lang='lat' dir='ltr'>quae</span> <span class='ocrx_word' id='word_1_27' title='bbox 440 752 614 820; x_wconf 87' lang='lat' dir='ltr'>schemate</span> <span class='ocrx_word' id='word_1_28' title='bbox 635 759 811 839; x_wconf 82' lang='lat' dir='ltr'>vocantur,</span> <span class='ocrx_word' id='word_1_29' title='bbox 836 754 927 821; x_wconf 87' lang='lat' dir='ltr'>alius</span> <span class='ocrx_word' id='word_1_30' title='bbox 948 761 1049 845; x_wconf 89' lang='lat' dir='ltr'>poeta</span> <span class='ocrx_word' id='word_1_31' title='bbox 1062 755 1173 842; x_wconf 85' lang='lat' dir='ltr'>magis</span> <span class='ocrx_word' id='word_1_32' title='bbox 1195 754 1264 821; x_wconf 93' lang='lat' dir='ltr'>alio</span> <span class='ocrx_word' id='word_1_33' title='bbox 1278 776 1377 822; x_wconf 84' lang='lat' dir='ltr'>orna·</span> 
     </span>
     <span class='ocr_line' id='line_1_6' title="bbox 246 854 1489 947; baseline 0 -23"><span class='ocrx_word' id='word_1_34' title='bbox 246 855 309 938; x_wconf 88' lang='lat' dir='ltr'>vit,</span> <span class='ocrx_word' id='word_1_35' title='bbox 332 854 431 941; x_wconf 80' lang='lat' dir='ltr'><strong>quasi</strong></span> <span class='ocrx_word' id='word_1_36' title='bbox 452 854 584 922; x_wconf 88' lang='lat' dir='ltr'>lumina</span> <span class='ocrx_word' id='word_1_37' title='bbox 606 856 649 924; x_wconf 89' lang='lat' dir='ltr'>ad</span> <span class='ocrx_word' id='word_1_38' title='bbox 671 857 865 926; x_wconf 80' lang='lat' dir='ltr'><strong>sollemnem</strong></span> <span class='ocrx_word' id='word_1_39' title='bbox 889 859 977 925; x_wconf 88' lang='lat' dir='ltr'>artis</span> <span class='ocrx_word' id='word_1_40' title='bbox 996 857 1149 946; x_wconf 73' lang='lat' dir='ltr'>poeticae</span> <span class='ocrx_word' id='word_1_41' title='bbox 1165 862 1373 945; x_wconf 87' lang='lat' dir='ltr'>apparatum</span> <span class='ocrx_word' id='word_1_42' title='bbox 1484 936 1489 947; x_wconf 40' lang='grc' dir='ltr'>Ι</span> 
     </span>
    </p>
   </div>
   <div class='ocr_carea' id='block_1_3' title="bbox 246 957 1373 1252">
    <p class='ocr_par' dir='ltr' id='par_1_3' title="bbox 246 957 1373 1252">
     <span class='ocr_line' id='line_1_7' title="bbox 246 957 1369 1050; baseline 0.003 -26"><span class='ocrx_word' id='word_1_43' title='bbox 246 957 470 1046; x_wconf 88' lang='lat' dir='ltr'>pertinerent.</span> <span class='ocrx_word' id='word_1_44' title='bbox 507 958 626 1047; x_wconf 87' lang='lat' dir='ltr'>Neque</span> <span class='ocrx_word' id='word_1_45' title='bbox 649 960 771 1026; x_wconf 91' lang='lat' dir='ltr'>mirum</span> <span class='ocrx_word' id='word_1_46' title='bbox 793 967 846 1028; x_wconf 89' lang='lat' dir='ltr'>est</span> <span class='ocrx_word' id='word_1_47' title='bbox 868 960 956 1044; x_wconf 86' lang='lat' dir='ltr'>quod</span> <span class='ocrx_word' id='word_1_48' title='bbox 969 960 1112 1050; x_wconf 86' lang='lat' dir='ltr'>Dionys.</span> <span class='ocrx_word' id='word_1_49' title='bbox 1125 959 1238 1027; x_wconf 90' lang='lat' dir='ltr'>Halic.</span> <span class='ocrx_word' id='word_1_50' title='bbox 1254 959 1369 1048; x_wconf 90' lang='lat' dir='ltr'>(epist.</span> 
     </span>
     <span class='ocr_line' id='line_1_8' title="bbox 247 1059 1373 1152; baseline 0 -24"><span class='ocrx_word' id='word_1_51' title='bbox 247 1059 291 1128; x_wconf 89' lang='lat' dir='ltr'>ad</span> <span class='ocrx_word' id='word_1_52' title='bbox 305 1059 364 1128; x_wconf 81' lang='lat' dir='ltr'>On.</span> <span class='ocrx_word' id='word_1_53' title='bbox 380 1060 495 1147; x_wconf 86' lang='lat' dir='ltr'><strong>Pomp.</strong></span> <span class='ocrx_word' id='word_1_54' title='bbox 510 1062 582 1132; x_wconf 87' lang='grc'><strong>760.</strong></span> <span class='ocrx_word' id='word_1_55' title='bbox 598 1063 633 1149; x_wconf 89' lang='grc'>6)</span> <span class='ocrx_word' id='word_1_56' title='bbox 655 1063 820 1131; x_wconf 89' lang='lat' dir='ltr'>orationis</span> <span class='ocrx_word' id='word_1_57' title='bbox 841 1063 973 1132; x_wconf 90' lang='lat' dir='ltr'>lumina</span> <span class='ocrx_word' id='word_1_58' title='bbox 993 1069 1030 1132; x_wconf 90' lang='lat' dir='ltr'>et</span> <span class='ocrx_word' id='word_1_59' title='bbox 1050 1063 1215 1152; x_wconf 84' lang='lat' dir='ltr'>imprimis</span> <span class='ocrx_word' id='word_1_60' title='bbox 1233 1063 1373 1149; x_wconf 78' lang='grc' dir='ltr'><strong>Γοργίεια</strong></span> 
     </span>
     <span class='ocr_line' id='line_1_9' title="bbox 246 1162 566 1252; baseline 0.003 -22"><span class='ocrx_word' id='word_1_61' title='bbox 246 1162 380 1252; x_wconf 87' lang='lat' dir='ltr'>poetica</span> <span class='ocrx_word' id='word_1_62' title='bbox 402 1162 566 1252; x_wconf 87' lang='lat' dir='ltr'>appellat.</span> 
     </span>
    </p>
   </div>
   <div class='ocr_carea' id='block_1_4' title="bbox 349 1266 1493 1354">
    <p class='ocr_par' dir='ltr' id='par_1_4' title="bbox 349 1266 1493 1354">
     <span class='ocr_line' id='line_1_10' title="bbox 349 1266 1493 1354; baseline 0.005 -21"><span class='ocrx_word' id='word_1_63' title='bbox 349 1266 448 1348; x_wconf 79' lang='lat' dir='ltr'>Quae</span> <span class='ocrx_word' id='word_1_64' title='bbox 477 1287 552 1334; x_wconf 90' lang='lat' dir='ltr'>cum</span> <span class='ocrx_word' id='word_1_65' title='bbox 581 1267 634 1334; x_wconf 90' lang='lat' dir='ltr'>ita</span> <span class='ocrx_word' id='word_1_66' title='bbox 664 1267 743 1354; x_wconf 89' lang='lat' dir='ltr'>sint,</span> <span class='ocrx_word' id='word_1_67' title='bbox 780 1270 966 1338; x_wconf 81' lang='lat' dir='ltr'>verisimile</span> <span class='ocrx_word' id='word_1_68' title='bbox 996 1269 1135 1338; x_wconf 82' lang='lat' dir='ltr'>videtur</span> <span class='ocrx_word' id='word_1_69' title='bbox 1165 1291 1236 1338; x_wconf 86' lang='lat' dir='ltr'>esse</span> <span class='ocrx_word' id='word_1_70' title='bbox 1267 1268 1375 1338; x_wconf 91' lang='lat' dir='ltr'>Hero·</span> <span class='ocrx_word' id='word_1_71' title='bbox 1490 1298 1493 1325; x_wconf 75' lang='grc' dir='ltr'>ι</span> 
     </span>
    </p>
   </div>
   <div class='ocr_carea' id='block_1_5' title="bbox 247 1371 1494 1573">
    <p class='ocr_par' dir='ltr' id='par_1_5' title="bbox 247 1371 1494 1573">
     <span class='ocr_line' id='line_1_11' title="bbox 247 1371 1493 1462; baseline 0.001 -24"><span class='ocrx_word' id='word_1_72' title='bbox 247 1371 373 1456; x_wconf 89' lang='lat' dir='ltr'>dotum,</span> <span class='ocrx_word' id='word_1_73' title='bbox 405 1372 501 1440; x_wconf 86' lang='lat' dir='ltr'>cuius</span> <span class='ocrx_word' id='word_1_74' title='bbox 522 1372 711 1442; x_wconf 88' lang='lat' dir='ltr'>orationem</span> <span class='ocrx_word' id='word_1_75' title='bbox 741 1373 856 1462; x_wconf 88' lang='lat' dir='ltr'>opicae</span> <span class='ocrx_word' id='word_1_76' title='bbox 883 1379 957 1442; x_wconf 90' lang='lat' dir='ltr'>tam</span> <span class='ocrx_word' id='word_1_77' title='bbox 987 1374 1140 1459; x_wconf 89' lang='lat' dir='ltr'>similem,</span> <span class='ocrx_word' id='word_1_78' title='bbox 1178 1378 1219 1440; x_wconf 91' lang='lat' dir='ltr'>ut</span> <span class='ocrx_word' id='word_1_79' title='bbox 1250 1373 1323 1460; x_wconf 87' lang='lat' dir='ltr'>ipae</span> <span class='ocrx_word' id='word_1_80' title='bbox 1355 1394 1380 1439; x_wconf 88' lang='lat' dir='ltr'>a.</span> <span class='ocrx_word' id='word_1_81' title='bbox 1491 1384 1493 1393; x_wconf 91' lang='lat'>&#39;</span> 
     </span>
     <span class='ocr_line' id='line_1_12' title="bbox 247 1475 1494 1573; baseline 0.002 -33"><span class='ocrx_word' id='word_1_82' title='bbox 247 1475 420 1542; x_wconf 83' lang='lat' dir='ltr'>veteribus</span> <span class='ocrx_word' id='word_1_83' title='bbox 456 1477 678 1563; x_wconf 81' lang='grc' dir='ltr'>όμηρικώτατος</span> <span class='ocrx_word' id='word_1_84' title='bbox 709 1475 907 1564; x_wconf 88' lang='lat' dir='ltr'>appellatus</span> <span class='ocrx_word' id='word_1_85' title='bbox 935 1476 991 1560; x_wconf 88' lang='lat' dir='ltr'>sit,</span> <span class='ocrx_word' id='word_1_86' title='bbox 1031 1497 1102 1544; x_wconf 87' lang='lat' dir='ltr'>esse</span> <span class='ocrx_word' id='word_1_87' title='bbox 1136 1476 1228 1544; x_wconf 90' lang='lat' dir='ltr'>inter</span> <span class='ocrx_word' id='word_1_88' title='bbox 1262 1497 1377 1542; x_wconf 91' lang='lat' dir='ltr'>omnes</span> <span class='ocrx_word' id='word_1_89' title='bbox 1490 1528 1494 1573; x_wconf 60' lang='lat'>3</span> 
     </span>
    </p>
   </div>
   <div class='ocr_carea' id='block_1_6' title="bbox 246 1577 1376 1874">
    <p class='ocr_par' dir='ltr' id='par_1_6' title="bbox 246 1577 1376 1874">
     <span class='ocr_line' id='line_1_13' title="bbox 247 1577 1372 1667; baseline 0 -23"><span class='ocrx_word' id='word_1_90' title='bbox 247 1580 420 1662; x_wconf 82' lang='lat' dir='ltr'>constat,²)</span> <span class='ocrx_word' id='word_1_91' title='bbox 442 1579 479 1645; x_wconf 90' lang='lat' dir='ltr'>in</span> <span class='ocrx_word' id='word_1_92' title='bbox 500 1577 707 1646; x_wconf 80' lang='lat' dir='ltr'>carminibus</span> <span class='ocrx_word' id='word_1_93' title='bbox 728 1584 906 1666; x_wconf 85' lang='lat' dir='ltr'>poetarum</span> <span class='ocrx_word' id='word_1_94' title='bbox 932 1580 1111 1667; x_wconf 81' lang='lat' dir='ltr'>epicorum,</span> <span class='ocrx_word' id='word_1_95' title='bbox 1133 1579 1372 1666; x_wconf 86' lang='lat' dir='ltr'>elegiacorum,</span> 
     </span>
     <span class='ocr_line' id='line_1_14' title="bbox 246 1680 1376 1769; baseline 0.001 -22"><span class='ocrx_word' id='word_1_96' title='bbox 246 1681 456 1769; x_wconf 76' lang='lat' dir='ltr'>tragicorum</span> <span class='ocrx_word' id='word_1_97' title='bbox 479 1703 606 1752; x_wconf 84' lang='lat' dir='ltr'>summo</span> <span class='ocrx_word' id='word_1_98' title='bbox 629 1680 742 1748; x_wconf 84' lang='lat' dir='ltr'>studio</span> <span class='ocrx_word' id='word_1_99' title='bbox 773 1686 949 1749; x_wconf 88' lang='lat' dir='ltr'>versatum</span> <span class='ocrx_word' id='word_1_100' title='bbox 980 1681 1045 1748; x_wconf 90' lang='lat' dir='ltr'>illa</span> <span class='ocrx_word' id='word_1_101' title='bbox 1078 1680 1244 1749; x_wconf 85' lang='lat' dir='ltr'>orationis</span> <span class='ocrx_word' id='word_1_102' title='bbox 1277 1702 1376 1748; x_wconf 83' lang='lat' dir='ltr'>orna·</span> 
     </span>
     <span class='ocr_line' id='line_1_15' title="bbox 246 1783 1373 1874; baseline 0 -23"><span class='ocrx_word' id='word_1_103' title='bbox 246 1789 371 1869; x_wconf 89' lang='lat' dir='ltr'>menta,</span> <span class='ocrx_word' id='word_1_104' title='bbox 394 1805 481 1873; x_wconf 86' lang='lat' dir='ltr'>quae</span> <span class='ocrx_word' id='word_1_105' title='bbox 499 1783 694 1872; x_wconf 87' lang='lat' dir='ltr'>saepissime</span> <span class='ocrx_word' id='word_1_106' title='bbox 712 1783 804 1874; x_wconf 89' lang='lat' dir='ltr'>apud</span> <span class='ocrx_word' id='word_1_107' title='bbox 817 1807 873 1852; x_wconf 89' lang='lat' dir='ltr'>eos</span> <span class='ocrx_word' id='word_1_108' title='bbox 884 1790 1003 1874; x_wconf 91' lang='lat' dir='ltr'>poetas</span> <span class='ocrx_word' id='word_1_109' title='bbox 1015 1784 1249 1870; x_wconf 87' lang='lat' dir='ltr'>inveniuntur,</span> <span class='ocrx_word' id='word_1_110' title='bbox 1263 1784 1373 1851; x_wconf 87' lang='lat' dir='ltr'>libere</span> 
     </span>
    </p>
   </div>
   <div class='ocr_carea' id='block_1_7' title="bbox 245 1887 1505 2802">
    <p class='ocr_par' dir='ltr' id='par_1_7' title="bbox 245 1887 1505 2802">
     <span class='ocr_line' id='line_1_16' title="bbox 245 1887 1500 1986; baseline -0.001 -31"><span class='ocrx_word' id='word_1_111' title='bbox 245 1889 421 1956; x_wconf 88' lang='lat' dir='ltr'>imitatum</span> <span class='ocrx_word' id='word_1_112' title='bbox 458 1909 528 1954; x_wconf 89' lang='lat' dir='ltr'>esse</span> <span class='ocrx_word' id='word_1_113' title='bbox 567 1909 673 1976; x_wconf 89' lang='lat' dir='ltr'>eaque</span> <span class='ocrx_word' id='word_1_114' title='bbox 713 1889 837 1955; x_wconf 90' lang='lat' dir='ltr'>sensim</span> <span class='ocrx_word' id='word_1_115' title='bbox 866 1887 1109 1978; x_wconf 84' lang='lat' dir='ltr'>pedetemptim</span> <span class='ocrx_word' id='word_1_116' title='bbox 1138 1887 1209 1955; x_wconf 90' lang='lat' dir='ltr'>suis</span> <span class='ocrx_word' id='word_1_117' title='bbox 1238 1887 1377 1973; x_wconf 87' lang='lat' dir='ltr'>legibus</span> <span class='ocrx_word' id='word_1_118' title='bbox 1495 1954 1500 1986; x_wconf 40' lang='grc' dir='ltr'>ι</span> 
     </span>
     <span class='ocr_line' id='line_1_17' title="bbox 246 1990 1501 2081; baseline -0.002 -22"><span class='ocrx_word' id='word_1_119' title='bbox 246 2013 343 2059; x_wconf 89' lang='lat' dir='ltr'>usum</span> <span class='ocrx_word' id='word_1_120' title='bbox 365 1991 564 2081; x_wconf 86' lang='lat' dir='ltr'>plerumque</span> <span class='ocrx_word' id='word_1_121' title='bbox 586 1990 623 2058; x_wconf 92' lang='lat' dir='ltr'>in</span> <span class='ocrx_word' id='word_1_122' title='bbox 653 1991 873 2076; x_wconf 87' lang='lat' dir='ltr'>orationibus,</span> <span class='ocrx_word' id='word_1_123' title='bbox 908 2013 992 2079; x_wconf 90' lang='lat' dir='ltr'>quas</span> <span class='ocrx_word' id='word_1_124' title='bbox 1023 1991 1207 2058; x_wconf 86' lang='lat' dir='ltr'>Homerum</span> <span class='ocrx_word' id='word_1_125' title='bbox 1235 1995 1377 2058; x_wconf 86' lang='lat' dir='ltr'>secutus</span> <span class='ocrx_word' id='word_1_126' title='bbox 1497 1992 1501 2031; x_wconf 72' lang='lat'>³</span> 
     </span>
     <span class='ocr_line' id='line_1_18' title="bbox 246 2093 1502 2184; baseline 0 -24"><span class='ocrx_word' id='word_1_127' title='bbox 246 2093 462 2182; x_wconf 85' lang='lat' dir='ltr'>interposuit,</span> <span class='ocrx_word' id='word_1_128' title='bbox 486 2115 678 2183; x_wconf 81' lang='lat' dir='ltr'>usurpasse.</span> <span class='ocrx_word' id='word_1_129' title='bbox 722 2094 789 2161; x_wconf 90' lang='lat' dir='ltr'>Hic</span> <span class='ocrx_word' id='word_1_130' title='bbox 812 2099 955 2184; x_wconf 87' lang='lat' dir='ltr'>quaeret</span> <span class='ocrx_word' id='word_1_131' title='bbox 986 2094 1163 2183; x_wconf 87' lang='lat' dir='ltr'>quispiam,</span> <span class='ocrx_word' id='word_1_132' title='bbox 1188 2115 1268 2161; x_wconf 89' lang='lat' dir='ltr'>uum</span> <span class='ocrx_word' id='word_1_133' title='bbox 1292 2097 1376 2160; x_wconf 88' lang='lat' dir='ltr'>ante</span> <span class='ocrx_word' id='word_1_134' title='bbox 1501 2156 1502 2171; x_wconf 65' lang='grc'>,</span> 
     </span>
     <span class='ocr_line' id='line_1_19' title="bbox 246 2196 1503 2289; baseline 0.001 -26"><span class='ocrx_word' id='word_1_135' title='bbox 246 2196 457 2264; x_wconf 86' lang='lat' dir='ltr'>Herodotum</span> <span class='ocrx_word' id='word_1_136' title='bbox 479 2197 691 2286; x_wconf 85' lang='lat' dir='ltr'>logographi,</span> <span class='ocrx_word' id='word_1_137' title='bbox 716 2197 776 2283; x_wconf 92' lang='lat' dir='ltr'>qui</span> <span class='ocrx_word' id='word_1_138' title='bbox 798 2196 969 2282; x_wconf 86' lang='lat' dir='ltr'>dicuntur,</span> <span class='ocrx_word' id='word_1_139' title='bbox 1001 2197 1067 2286; x_wconf 91' lang='lat' dir='ltr'>ipsi</span> <span class='ocrx_word' id='word_1_140' title='bbox 1100 2217 1231 2286; x_wconf 86' lang='lat' dir='ltr'>quoque</span> <span class='ocrx_word' id='word_1_141' title='bbox 1254 2202 1375 2289; x_wconf 87' lang='lat' dir='ltr'>poetas</span> <span class='ocrx_word' id='word_1_142' title='bbox 1500 2264 1503 2273; x_wconf 86' lang='grc'>,</span> 
     </span>
     <span class='ocr_line' id='line_1_20' title="bbox 247 2299 1503 2389; baseline -0.002 -23"><span class='ocrx_word' id='word_1_143' title='bbox 247 2300 357 2389; x_wconf 87' lang='lat' dir='ltr'>epicos</span> <span class='ocrx_word' id='word_1_144' title='bbox 379 2299 487 2366; x_wconf 87' lang='lat' dir='ltr'>secuti</span> <span class='ocrx_word' id='word_1_145' title='bbox 509 2299 574 2366; x_wconf 88' lang='lat' dir='ltr'>illa</span> <span class='ocrx_word' id='word_1_146' title='bbox 596 2299 729 2366; x_wconf 87' lang='lat' dir='ltr'>dicendi</span> <span class='ocrx_word' id='word_1_147' title='bbox 751 2299 886 2368; x_wconf 89' lang='lat' dir='ltr'>ratione</span> <span class='ocrx_word' id='word_1_148' title='bbox 908 2299 963 2366; x_wconf 88' lang='lat' dir='ltr'>usi</span> <span class='ocrx_word' id='word_1_149' title='bbox 984 2301 1064 2367; x_wconf 89' lang='lat' dir='ltr'>sint.</span> <span class='ocrx_word' id='word_1_150' title='bbox 1108 2299 1374 2382; x_wconf 78' lang='lat' dir='ltr'>QuodsiHeca·</span> <span class='ocrx_word' id='word_1_151' title='bbox 1502 2358 1503 2363; x_wconf 75' lang='grc'>,</span> 
     </span>
     <span class='ocr_line' id='line_1_21' title="bbox 245 2401 1504 2491; baseline -0.002 -21"><span class='ocrx_word' id='word_1_152' title='bbox 245 2402 343 2470; x_wconf 87' lang='lat' dir='ltr'>taei</span> <span class='ocrx_word' id='word_1_153' title='bbox 357 2404 553 2490; x_wconf 80' lang='lat' dir='ltr'>fragmenta</span> <span class='ocrx_word' id='word_1_154' title='bbox 562 2403 589 2490; x_wconf 65' lang='grc'>2)</span> <span class='ocrx_word' id='word_1_155' title='bbox 602 2403 799 2487; x_wconf 87' lang='lat' dir='ltr'>lustramus,</span> <span class='ocrx_word' id='word_1_156' title='bbox 810 2424 1014 2491; x_wconf 88' lang='lat' dir='ltr'>quamquam</span> <span class='ocrx_word' id='word_1_157' title='bbox 1028 2403 1141 2470; x_wconf 89' lang='lat' dir='ltr'>omnia</span> <span class='ocrx_word' id='word_1_158' title='bbox 1159 2403 1231 2470; x_wconf 86' lang='lat' dir='ltr'>fere</span> <span class='ocrx_word' id='word_1_159' title='bbox 1244 2401 1371 2489; x_wconf 82' lang='lat' dir='ltr'>exigua</span> <span class='ocrx_word' id='word_1_160' title='bbox 1503 2402 1504 2435; x_wconf 48' lang='grc' dir='ltr'>ί</span> 
     </span>
     <span class='ocr_line' id='line_1_22' title="bbox 246 2505 1504 2593; baseline -0.001 -18"><span class='ocrx_word' id='word_1_161' title='bbox 246 2511 335 2591; x_wconf 87' lang='lat' dir='ltr'>sunt,</span> <span class='ocrx_word' id='word_1_162' title='bbox 358 2513 475 2574; x_wconf 84' lang='lat' dir='ltr'>tamen</span> <span class='ocrx_word' id='word_1_163' title='bbox 497 2505 663 2574; x_wconf 89' lang='lat' dir='ltr'>nonnulla</span> <span class='ocrx_word' id='word_1_164' title='bbox 685 2507 870 2574; x_wconf 84' lang='lat' dir='ltr'>manifesta</span> <span class='ocrx_word' id='word_1_165' title='bbox 890 2506 1053 2574; x_wconf 86' lang='lat' dir='ltr'>eiusmodi</span> <span class='ocrx_word' id='word_1_166' title='bbox 1079 2506 1213 2574; x_wconf 84' lang='lat' dir='ltr'>dicendi</span> <span class='ocrx_word' id='word_1_167' title='bbox 1237 2507 1373 2593; x_wconf 87' lang='lat' dir='ltr'>generis</span> <span class='ocrx_word' id='word_1_168' title='bbox 1503 2536 1504 2559; x_wconf 68' lang='lat'><em>2</em></span> 
     </span>
     <span class='ocr_line' id='line_1_23' title="bbox 245 2601 1505 2697; baseline -0.005 -16"><span class='ocrx_word' id='word_1_169' title='bbox 245 2610 396 2696; x_wconf 75' lang='lat' dir='ltr'>vestigia</span> <span class='ocrx_word' id='word_1_170' title='bbox 409 2610 633 2678; x_wconf 78' lang='lat' dir='ltr'>inveniuntur</span> <span class='ocrx_word' id='word_1_171' title='bbox 652 2609 694 2677; x_wconf 84' lang='lat' dir='ltr'>ef.</span> <span class='ocrx_word' id='word_1_172' title='bbox 717 2609 842 2697; x_wconf 81' lang='lat' dir='ltr'>fragm.</span> <span class='ocrx_word' id='word_1_173' title='bbox 858 2612 899 2682; x_wconf 90' lang='grc'>16</span> <span class='ocrx_word' id='word_1_174' title='bbox 917 2611 991 2696; x_wconf 80' lang='grc' dir='ltr'>μέτα</span> <span class='ocrx_word' id='word_1_175' title='bbox 1014 2608 1048 2674; x_wconf 81' lang='grc' dir='ltr'>δὲ</span> <span class='ocrx_word' id='word_1_176' title='bbox 1063 2601 1145 2696; x_wconf 81' lang='grc' dir='ltr'>Ὕυψ</span> <span class='ocrx_word' id='word_1_177' title='bbox 1168 2612 1252 2683; x_wconf 83' lang='grc' dir='ltr'>πόλις</span> <span class='ocrx_word' id='word_1_178' title='bbox 1273 2624 1278 2696; x_wconf 91' lang='grc' dir='ltr'>Ι</span> <span class='ocrx_word' id='word_1_179' title='bbox 1298 2610 1373 2696; x_wconf 81' lang='grc' dir='ltr'>μέτα</span> <span class='ocrx_word' id='word_1_180' title='bbox 1504 2668 1505 2675; x_wconf 72' lang='grc'>,</span> 
     </span>
     <span class='ocr_line' id='line_1_24' title="bbox 248 2709 1505 2802; baseline -0.001 -21"><span class='ocrx_word' id='word_1_181' title='bbox 248 2715 280 2781; x_wconf 86' lang='grc' dir='ltr'>δὲ</span> <span class='ocrx_word' id='word_1_182' title='bbox 315 2713 448 2801; x_wconf 60' lang='lat' dir='ltr'>Aucupor</span> <span class='ocrx_word' id='word_1_183' title='bbox 483 2717 625 2800; x_wconf 84' lang='grc' dir='ltr'>ποταμός.</span> <span class='ocrx_word' id='word_1_184' title='bbox 648 2715 771 2802; x_wconf 83' lang='lat' dir='ltr'>fragm.</span> <span class='ocrx_word' id='word_1_185' title='bbox 803 2715 854 2784; x_wconf 82' lang='lat'>35.</span> <span class='ocrx_word' id='word_1_186' title='bbox 890 2715 921 2779; x_wconf 78' lang='grc' dir='ltr'>ἓν</span> <span class='ocrx_word' id='word_1_187' title='bbox 959 2713 993 2779; x_wconf 74' lang='grc' dir='ltr'>δὲ</span> <span class='ocrx_word' id='word_1_188' title='bbox 1028 2709 1115 2788; x_wconf 62' lang='lat' dir='ltr'>&#39;licie</span> <span class='ocrx_word' id='word_1_189' title='bbox 1147 2716 1232 2788; x_wconf 80' lang='grc' dir='ltr'>πόλις</span> <span class='ocrx_word' id='word_1_190' title='bbox 1250 2716 1255 2800; x_wconf 99' lang='grc' dir='ltr'>Ι</span> <span class='ocrx_word' id='word_1_191' title='bbox 1275 2717 1307 2780; x_wconf 76' lang='grc' dir='ltr'>ἓν</span> <span class='ocrx_word' id='word_1_192' title='bbox 1340 2714 1374 2780; x_wconf 82' lang='grc' dir='ltr'>δὲ</span> <span class='ocrx_word' id='word_1_193' title='bbox 1504 2739 1505 2743; x_wconf 72' lang='grc'>’</span> 
     </span>
    </p>
   </div>
   <div class='ocr_carea' id='block_1_8' title="bbox 245 2817 1377 3633">
    <p class='ocr_par' dir='ltr' id='par_1_8' title="bbox 245 2817 1377 3633">
     <span class='ocr_line' id='line_1_25' title="bbox 246 2817 1373 2907; baseline 0.002 -23"><span class='ocrx_word' id='word_1_194' title='bbox 246 2819 394 2904; x_wconf 68' lang='lat' dir='ltr'>Meuaniae]</span> <span class='ocrx_word' id='word_1_195' title='bbox 416 2820 508 2891; x_wconf 81' lang='grc' dir='ltr'><strong>πόλις.</strong></span> <span class='ocrx_word' id='word_1_196' title='bbox 530 2820 535 2904; x_wconf 94' lang='grc' dir='ltr'>Ι</span> <span class='ocrx_word' id='word_1_197' title='bbox 575 2819 697 2905; x_wconf 83' lang='lat' dir='ltr'>fragm.</span> <span class='ocrx_word' id='word_1_198' title='bbox 721 2820 773 2888; x_wconf 88' lang='grc'>44.</span> <span class='ocrx_word' id='word_1_199' title='bbox 799 2817 873 2903; x_wconf 81' lang='grc' dir='ltr'>μέτα</span> <span class='ocrx_word' id='word_1_200' title='bbox 902 2817 935 2883; x_wconf 80' lang='grc' dir='ltr'>δὲ</span> <span class='ocrx_word' id='word_1_201' title='bbox 957 2817 1081 2905; x_wconf 81' lang='grc' dir='ltr'>Κατόινη</span> <span class='ocrx_word' id='word_1_202' title='bbox 1103 2820 1197 2902; x_wconf 83' lang='grc' dir='ltr'>πόλις,</span> <span class='ocrx_word' id='word_1_203' title='bbox 1219 2821 1225 2905; x_wconf 95' lang='grc' dir='ltr'>Ι</span> <span class='ocrx_word' id='word_1_204' title='bbox 1244 2819 1315 2907; x_wconf 74' lang='grc' dir='ltr'>ὅπερ</span> <span class='ocrx_word' id='word_1_205' title='bbox 1340 2821 1373 2886; x_wconf 82' lang='grc' dir='ltr'>δὲ</span> 
     </span>
     <span class='ocr_line' id='line_1_26' title="bbox 246 2921 1370 3011; baseline 0.003 -21"><span class='ocrx_word' id='word_1_206' title='bbox 246 2925 313 3011; x_wconf 76' lang='grc' dir='ltr'>ὅρος</span> <span class='ocrx_word' id='word_1_207' title='bbox 326 2921 467 3009; x_wconf 63' lang='grc' dir='ltr'><strong>Αἴτνη.3)</strong></span> <span class='ocrx_word' id='word_1_208' title='bbox 491 2923 555 2989; x_wconf 86' lang='lat' dir='ltr'>Cui</span> <span class='ocrx_word' id='word_1_209' title='bbox 576 2943 642 2989; x_wconf 89' lang='lat' dir='ltr'>non</span> <span class='ocrx_word' id='word_1_210' title='bbox 656 2922 739 2988; x_wconf 87' lang='lat' dir='ltr'>haec</span> <span class='ocrx_word' id='word_1_211' title='bbox 754 2921 893 3009; x_wconf 39' lang='lat' dir='ltr'>,legenti</span> <span class='ocrx_word' id='word_1_212' title='bbox 913 2922 1002 2991; x_wconf 86' lang='lat' dir='ltr'>illud</span> <span class='ocrx_word' id='word_1_213' title='bbox 1023 2923 1163 2990; x_wconf 88' lang='lat' dir='ltr'>Homeri</span> <span class='ocrx_word' id='word_1_214' title='bbox 1185 2923 1301 3009; x_wconf 85' lang='lat' dir='ltr'>(Iliad.</span> <span class='ocrx_word' id='word_1_215' title='bbox 1326 2923 1370 3008; x_wconf 87' lang='lat' dir='ltr'>V,</span> 
     </span>
     <span class='ocr_line' id='line_1_27' title="bbox 245 3018 1376 3115; baseline 0.003 -25"><span class='ocrx_word' id='word_1_216' title='bbox 245 3052 278 3097; x_wconf 88' lang='lat' dir='ltr'>v.</span> <span class='ocrx_word' id='word_1_217' title='bbox 301 3029 379 3114; x_wconf 85' lang='grc'><strong>740)</strong></span> <span class='ocrx_word' id='word_1_218' title='bbox 402 3029 432 3091; x_wconf 85' lang='grc' dir='ltr'>ἐν</span> <span class='ocrx_word' id='word_1_219' title='bbox 457 3021 482 3091; x_wconf 81' lang='grc' dir='ltr'>δ’</span> <span class='ocrx_word' id='word_1_220' title='bbox 499 3018 596 3113; x_wconf 79' lang='grc' dir='ltr'>Ἔρις,</span> <span class='ocrx_word' id='word_1_221' title='bbox 617 3027 623 3113; x_wconf 98' lang='grc' dir='ltr'>Ι</span> <span class='ocrx_word' id='word_1_222' title='bbox 642 3029 672 3092; x_wconf 84' lang='grc' dir='ltr'>ἐν</span> <span class='ocrx_word' id='word_1_223' title='bbox 697 3020 723 3091; x_wconf 84' lang='grc' dir='ltr'>δ’</span> <span class='ocrx_word' id='word_1_224' title='bbox 747 3027 836 3112; x_wconf 80' lang='grc' dir='ltr'>ἀλκὴ,</span> <span class='ocrx_word' id='word_1_225' title='bbox 856 3027 863 3110; x_wconf 93' lang='grc' dir='ltr'>Ι</span> <span class='ocrx_word' id='word_1_226' title='bbox 881 3028 925 3093; x_wconf 80' lang='grc' dir='ltr'>ἐν·</span> <span class='ocrx_word' id='word_1_227' title='bbox 945 3026 978 3092; x_wconf 82' lang='grc' dir='ltr'>δὲ</span> <span class='ocrx_word' id='word_1_228' title='bbox 1008 3030 1156 3115; x_wconf 81' lang='grc' dir='ltr'>κρυόεσσα</span> <span class='ocrx_word' id='word_1_229' title='bbox 1185 3028 1299 3115; x_wconf 84' lang='grc' dir='ltr'>ίωκή.Ι</span> <span class='ocrx_word' id='word_1_230' title='bbox 1337 3027 1376 3093; x_wconf 87' lang='lat' dir='ltr'>in</span> 
     </span>
     <span class='ocr_line' id='line_1_28' title="bbox 245 3129 1377 3216; baseline 0 -18"><span class='ocrx_word' id='word_1_231' title='bbox 245 3130 521 3199; x_wconf 74' lang='lat' dir='ltr'>mentemvenit?</span> <span class='ocrx_word' id='word_1_232' title='bbox 540 3130 596 3215; x_wconf 81' lang='lat' dir='ltr'>(cf.</span> <span class='ocrx_word' id='word_1_233' title='bbox 606 3129 743 3214; x_wconf 89' lang='lat' dir='ltr'>XVIII,</span> <span class='ocrx_word' id='word_1_234' title='bbox 755 3131 843 3216; x_wconf 87' lang='lat'>483).</span> <span class='ocrx_word' id='word_1_235' title='bbox 855 3131 1045 3198; x_wconf 83' lang='lat' dir='ltr'>Homericis</span> <span class='ocrx_word' id='word_1_236' title='bbox 1055 3130 1183 3197; x_wconf 86' lang='lat' dir='ltr'>similia</span> <span class='ocrx_word' id='word_1_237' title='bbox 1194 3137 1275 3198; x_wconf 89' lang='lat' dir='ltr'>sunt</span> <span class='ocrx_word' id='word_1_238' title='bbox 1292 3132 1377 3198; x_wconf 87' lang='lat' dir='ltr'>haec</span> 
     </span>
     <span class='ocr_line' id='line_1_29' title="bbox 245 3230 1371 3324; baseline -0.002 -23"><span class='ocrx_word' id='word_1_239' title='bbox 245 3256 375 3324; x_wconf 87' lang='lat' dir='ltr'>quoque</span> <span class='ocrx_word' id='word_1_240' title='bbox 398 3233 546 3302; x_wconf 83' lang='lat' dir='ltr'>eiusdem</span> <span class='ocrx_word' id='word_1_241' title='bbox 567 3232 683 3321; x_wconf 87' lang='lat' dir='ltr'>parisa</span> <span class='ocrx_word' id='word_1_242' title='bbox 706 3233 844 3320; x_wconf 86' lang='lat' dir='ltr'>(fragm.</span> <span class='ocrx_word' id='word_1_243' title='bbox 872 3236 928 3321; x_wconf 87' lang='grc'>54)</span> <span class='ocrx_word' id='word_1_244' title='bbox 953 3235 1006 3320; x_wconf 80' lang='grc' dir='ltr'>μία</span> <span class='ocrx_word' id='word_1_245' title='bbox 1035 3237 1066 3301; x_wconf 78' lang='grc' dir='ltr'>ἐν</span> <span class='ocrx_word' id='word_1_246' title='bbox 1096 3230 1276 3322; x_wconf 69' lang='grc' dir='ltr'>ι-ᾔἼταλίᾳ,</span> <span class='ocrx_word' id='word_1_247' title='bbox 1296 3237 1302 3321; x_wconf 96' lang='grc' dir='ltr'>Ι</span> <span class='ocrx_word' id='word_1_248' title='bbox 1320 3235 1371 3300; x_wconf 87' lang='grc' dir='ltr'>καί</span> 
     </span>
     <span class='ocr_line' id='line_1_30' title="bbox 245 3336 1375 3427; baseline 0 -23"><span class='ocrx_word' id='word_1_249' title='bbox 245 3340 333 3426; x_wconf 81' lang='grc' dir='ltr'>ἑτέρα</span> <span class='ocrx_word' id='word_1_250' title='bbox 353 3340 383 3404; x_wconf 86' lang='grc' dir='ltr'>ἐν</span> <span class='ocrx_word' id='word_1_251' title='bbox 406 3343 444 3424; x_wconf 80' lang='grc' dir='ltr'>τῇ</span> <span class='ocrx_word' id='word_1_252' title='bbox 463 3336 614 3424; x_wconf 85' lang='grc' dir='ltr'>Ἰλλυρίδι.</span> <span class='ocrx_word' id='word_1_253' title='bbox 638 3336 761 3423; x_wconf 83' lang='lat' dir='ltr'>fragm·</span> <span class='ocrx_word' id='word_1_254' title='bbox 786 3339 850 3409; x_wconf 81' lang='grc'>353</span> <span class='ocrx_word' id='word_1_255' title='bbox 873 3343 914 3412; x_wconf 83' lang='grc' dir='ltr'>ὼς</span> <span class='ocrx_word' id='word_1_256' title='bbox 943 3340 985 3426; x_wconf 77' lang='grc' dir='ltr'>μὴ</span> <span class='ocrx_word' id='word_1_257' title='bbox 1009 3343 1049 3406; x_wconf 81' lang='grc' dir='ltr'>ὧν</span> <span class='ocrx_word' id='word_1_258' title='bbox 1083 3341 1168 3406; x_wconf 76' lang='grc' dir='ltr'>αὐτοί</span> <span class='ocrx_word' id='word_1_259' title='bbox 1195 3366 1228 3405; x_wconf 85' lang='grc' dir='ltr'>τε</span> <span class='ocrx_word' id='word_1_260' title='bbox 1260 3343 1375 3427; x_wconf 81' lang='grc' dir='ltr'>ἀπόλη-</span> 
     </span>
     <span class='ocr_line' id='line_1_31' title="bbox 247 3439 1376 3530; baseline 0.003 -22"><span class='ocrx_word' id='word_1_261' title='bbox 247 3445 303 3509; x_wconf 80' lang='grc' dir='ltr'>σθε</span> <span class='ocrx_word' id='word_1_262' title='bbox 321 3445 326 3528; x_wconf 94' lang='grc' dir='ltr'>Ι</span> <span class='ocrx_word' id='word_1_263' title='bbox 347 3439 423 3528; x_wconf 75' lang='grc' dir='ltr'>κάμὲ</span> <span class='ocrx_word' id='word_1_264' title='bbox 446 3443 589 3528; x_wconf 78' lang='grc' dir='ltr'>τρώσητε.</span> <span class='ocrx_word' id='word_1_265' title='bbox 606 3444 699 3506; x_wconf 85' lang='lat' dir='ltr'>-et</span> <span class='ocrx_word' id='word_1_266' title='bbox 720 3440 786 3506; x_wconf 89' lang='lat' dir='ltr'>illa</span> <span class='ocrx_word' id='word_1_267' title='bbox 807 3443 989 3526; x_wconf 84' lang='lat' dir='ltr'>schemata,</span> <span class='ocrx_word' id='word_1_268' title='bbox 1014 3464 1100 3530; x_wconf 88' lang='lat' dir='ltr'>quae</span> <span class='ocrx_word' id='word_1_269' title='bbox 1128 3443 1214 3510; x_wconf 78' lang='lat' dir='ltr'>Jon</span> <span class='ocrx_word' id='word_1_270' title='bbox 1237 3441 1376 3512; x_wconf 82' lang='lat' dir='ltr'>chius</span> 
     </span>
     <span class='ocr_line' id='line_1_32' title="bbox 246 3542 1375 3633; baseline -0.003 -19"><span class='ocrx_word' id='word_1_271' title='bbox 246 3545 385 3614; x_wconf 86' lang='lat' dir='ltr'>exhibet</span> <span class='ocrx_word' id='word_1_272' title='bbox 406 3543 528 3631; x_wconf 84' lang='lat' dir='ltr'>fragm.</span> <span class='ocrx_word' id='word_1_273' title='bbox 553 3543 709 3629; x_wconf 74' lang='grc' dir='ltr'>ἐπιδημίου</span> <span class='ocrx_word' id='word_1_274' title='bbox 740 3545 759 3612; x_wconf 94' lang='grc' dir='ltr'>Ι</span> <span class='ocrx_word' id='word_1_275' title='bbox 792 3542 943 3631; x_wconf 83' lang='lat' dir='ltr'>(Miillar.</span> <span class='ocrx_word' id='word_1_276' title='bbox 970 3544 1017 3627; x_wconf 80' lang='grc' dir='ltr'>Π,</span> <span class='ocrx_word' id='word_1_277' title='bbox 1048 3570 1080 3633; x_wconf 88' lang='lat' dir='ltr'>p.</span> <span class='ocrx_word' id='word_1_278' title='bbox 1111 3548 1168 3630; x_wconf 84' lang='grc'>46)</span> <span class='ocrx_word' id='word_1_279' title='bbox 1197 3547 1293 3613; x_wconf 82' lang='grc' dir='ltr'>τοίνυν</span> <span class='ocrx_word' id='word_1_280' title='bbox 1325 3547 1375 3614; x_wconf 83' lang='grc' dir='ltr'>καί</span> 
     </span>
    </p>
   </div>
   <div class='ocr_carea' id='block_1_9' title="bbox 245 3735 1375 4153">
    <p class='ocr_par' dir='ltr' id='par_1_9' title="bbox 245 3735 1375 4064">
     <span class='ocr_line' id='line_1_33' title="bbox 349 3735 1375 3809; baseline 0.004 -21"><span class='ocrx_word' id='word_1_281' title='bbox 349 3739 370 3806; x_wconf 92' lang='lat'>¹)</span> <span class='ocrx_word' id='word_1_282' title='bbox 390 3737 443 3788; x_wconf 82' lang='lat' dir='ltr'>vid.</span> <span class='ocrx_word' id='word_1_283' title='bbox 462 3749 532 3803; x_wconf 90' lang='lat' dir='ltr'>quae</span> <span class='ocrx_word' id='word_1_284' title='bbox 549 3738 698 3804; x_wconf 84' lang='lat' dir='ltr'>nuperrime</span> <span class='ocrx_word' id='word_1_285' title='bbox 716 3736 747 3788; x_wconf 84' lang='lat' dir='ltr'>de</span> <span class='ocrx_word' id='word_1_286' title='bbox 770 3736 822 3787; x_wconf 88' lang='lat' dir='ltr'>hac</span> <span class='ocrx_word' id='word_1_287' title='bbox 845 3752 875 3787; x_wconf 88' lang='lat' dir='ltr'>re</span> <span class='ocrx_word' id='word_1_288' title='bbox 892 3735 1018 3788; x_wconf 81' lang='lat' dir='ltr'>disseruit</span> <span class='ocrx_word' id='word_1_289' title='bbox 1045 3737 1076 3787; x_wconf 85' lang='grc' dir='ltr'>Ε.</span> <span class='ocrx_word' id='word_1_290' title='bbox 1094 3737 1215 3790; x_wconf 82' lang='lat' dir='ltr'>Zarncka</span> <span class='ocrx_word' id='word_1_291' title='bbox 1239 3739 1295 3809; x_wconf 82' lang='lat' dir='ltr'>(die</span> <span class='ocrx_word' id='word_1_292' title='bbox 1311 3741 1375 3792; x_wconf 87' lang='lat' dir='ltr'>Ent-</span> 
     </span>
     <span class='ocr_line' id='line_1_34' title="bbox 246 3821 1374 3904; baseline 0 -27"><span class='ocrx_word' id='word_1_293' title='bbox 246 3825 358 3891; x_wconf 80' lang='lat' dir='ltr'>atehung</span> <span class='ocrx_word' id='word_1_294' title='bbox 376 3823 422 3875; x_wconf 84' lang='lat' dir='ltr'>der</span> <span class='ocrx_word' id='word_1_295' title='bbox 445 3823 542 3888; x_wconf 84' lang='lat' dir='ltr'>griech.</span> <span class='ocrx_word' id='word_1_296' title='bbox 569 3821 857 3904; x_wconf 59' lang='lat' dir='ltr'>Iaitteratursprachen,</span> <span class='ocrx_word' id='word_1_297' title='bbox 882 3823 994 3889; x_wconf 80' lang='lat' dir='ltr'>Leipzig</span> <span class='ocrx_word' id='word_1_298' title='bbox 1017 3821 1108 3891; x_wconf 87' lang='grc'><strong>1890).</strong></span> <span class='ocrx_word' id='word_1_299' title='bbox 1125 3841 1151 3891; x_wconf 85' lang='grc' dir='ltr'>ρ.</span> <span class='ocrx_word' id='word_1_300' title='bbox 1170 3822 1206 3880; x_wconf 90' lang='grc'>15</span> <span class='ocrx_word' id='word_1_301' title='bbox 1223 3842 1284 3892; x_wconf 83' lang='lat' dir='ltr'>sqq.</span> <span class='ocrx_word' id='word_1_302' title='bbox 1304 3831 1331 3878; x_wconf 79' lang='lat' dir='ltr'>at</span> <span class='ocrx_word' id='word_1_303' title='bbox 1347 3845 1374 3894; x_wconf 93' lang='lat' dir='ltr'>p.</span> 
     </span>
     <span class='ocr_line' id='line_1_35' title="bbox 245 3909 1012 4064; baseline -0.003 -17"><span class='ocrx_word' id='word_1_304' title='bbox 245 3910 279 3963; x_wconf 71' lang='lat'>38</span> <span class='ocrx_word' id='word_1_305' title='bbox 313 3909 371 4064; x_wconf 61' lang='lat'>483)</span> <span class='ocrx_word' id='word_1_306' title='bbox 389 3995 491 4058; x_wconf 79' lang='lat' dir='ltr'>Mtiller,</span> <span class='ocrx_word' id='word_1_307' title='bbox 509 3995 601 4062; x_wconf 78' lang='lat' dir='ltr'>fragm.</span> <span class='ocrx_word' id='word_1_308' title='bbox 620 3995 713 4047; x_wconf 87' lang='lat' dir='ltr'>histor.</span> <span class='ocrx_word' id='word_1_309' title='bbox 730 4011 819 4062; x_wconf 78' lang='lat' dir='ltr'>graec.</span> <span class='ocrx_word' id='word_1_310' title='bbox 837 3995 857 4058; x_wconf 90' lang='lat' dir='ltr'>I,</span> <span class='ocrx_word' id='word_1_311' title='bbox 875 4012 902 4061; x_wconf 83' lang='lat' dir='ltr'>p·</span> <span class='ocrx_word' id='word_1_312' title='bbox 919 3991 1012 4050; x_wconf 88' lang='grc'><strong>1-68.</strong></span> 
     </span>
    </p>

    <p class='ocr_par' dir='ltr' id='par_1_10' title="bbox 349 4080 993 4153">
     <span class='ocr_line' id='line_1_36' title="bbox 349 4080 993 4153; baseline 0.002 -19"><span class='ocrx_word' id='word_1_313' title='bbox 349 4083 371 4153; x_wconf 83' lang='lat'>⁸)</span> <span class='ocrx_word' id='word_1_314' title='bbox 390 4085 422 4135; x_wconf 76' lang='lat' dir='ltr'>cf.</span> <span class='ocrx_word' id='word_1_315' title='bbox 440 4084 533 4151; x_wconf 79' lang='lat' dir='ltr'>fragm.</span> <span class='ocrx_word' id='word_1_316' title='bbox 551 4082 592 4140; x_wconf 91' lang='grc'>54.</span> <span class='ocrx_word' id='word_1_317' title='bbox 612 4083 652 4136; x_wconf 88' lang='grc'>56.</span> <span class='ocrx_word' id='word_1_318' title='bbox 671 4082 716 4138; x_wconf 89' lang='grc'>65.</span> <span class='ocrx_word' id='word_1_319' title='bbox 732 4080 775 4138; x_wconf 82' lang='grc'>75.</span> <span class='ocrx_word' id='word_1_320' title='bbox 794 4082 836 4136; x_wconf 87' lang='grc'>83.</span> <span class='ocrx_word' id='word_1_321' title='bbox 854 4082 914 4139; x_wconf 91' lang='grc'><strong>116.</strong></span> <span class='ocrx_word' id='word_1_322' title='bbox 934 4082 993 4135; x_wconf 84' lang='grc'><strong>140.</strong></span> 
     </span>
    </p>
   </div>
   <div class='ocr_carea' id='block_1_10' title="bbox 0 0 1526 4592">
    <p class='ocr_par' dir='ltr' id='par_1_11' title="bbox 0 0 1526 4592">
     <span class='ocr_line' id='line_1_37' title="bbox 0 0 1526 4592; baseline 0 0"><span class='ocrx_word' id='word_1_323' title='bbox 0 0 1526 4592; x_wconf 95' lang='lat' dir='ltr'> </span> 
     </span>
    </p>
   </div>
  </div>
 </body>
</html>
