3042 4592
249 1343 446 1457 Disserere-ti
468 1383 553 1449 mihi
575 1382 697 1448 abhinc
720 1401 779 1448 sex
801 1403 906 1448 annos
927 1381 969 1448 de
982 1381 1182 1476 Thucydide
1200 1381 1272 1449 An-

151 1485 320 1572 tiphontis
341 1485 508 1573 discipulo
529 1491 566 1552 et
587 1469 727 1583 Homeri
749 1483 923 1551 imitatore
947 1488 983 1550 11
1004 1483 1078 1550 elia
1098 1489 1135 1551 et
1156 1507 1274 1552 earum

145 1588 311 1654 cretionis
341 1587 535 1671 formarum,
576 1577 664 1676 quae
701 1590 870 1653 vocantur
899 1585 1052 1705 Gorgiae
1088 1587 1272 1674 schemata,

146 1690 238 1778 apud-
267 1695 385 1777 poetas
415 1696 452 1756 et
479 1690 712 1786 Thucydidem
745 1712 826 1755 usus
854 1689 979 1776 dignus
1006 1689 1101 1756 visus
1133 1677 1186 1756 est
1195 1715 1275 1813 qm

146 1798 379 1891 exponeretur.
426 1794 534 1890 Qua
524 1817 562 1859 ιιι
584 1793 823 1889 dissertatione
845 1792 981 1909 eosqui
1006 1792 1171 1913 Gorgiam
1192 1792 1275 1860 illas

146 1896 280 1982 figuras
302 1901 463 1962 ornantes
477 1896 622 1984 primum
644 1883 825 1982 usurpasse
846 1895 940 1961 1111
930 1895 1102 1961 inuenisse
1120 1877 1274 1962 dicerent

149 2003 257 2085 atque
285 2021 361 2064 eum
391 1999 589 2065 tittererum
612 1998 812 2064 Atticarum
838 2019 940 2086 prosa
961 1997 1149 2064 artificiosa
1169 1999 1273 2116 scrip·

146 2109 263 2170 tarum
286 2102 492 2168 conditorem
515 2090 741 2189 appellarent,
772 2099 920 2166 eiusdem
951 2099 1155 2166 auctoritati
1175 2100 1273 2167 nimi·

147 2229 203 2274 um
226 2205 380 2272 tribuere
405 2209 549 2270 conotus
567 2227 641 2269 sum
663 2203 905 2270 demonstrare.
948 2191 1014 2269 Sed
1036 2224 1112 2268 oum
1125 2203 1273 2298 materie

145 2299 212 2376 non
234 2309 287 2374 ita
309 2308 434 2394 exigua
456 2313 552 2386 esset,
576 2307 661 2373 setis
683 2306 790 2373 habui
812 2306 1014 2372 adumbrare
1036 2307 1203 2390 quaedem
1234 2296 1272 2372 et

146 2411 337 2498 figurarum
360 2411 557 2476 ornantium
580 2409 669 2496 apud
691 2409 903 2476 Herodotum
924 2431 1021 2474 usum
1043 2409 1271 2496 praetermisi.

146 2513 246 2580 Nune
259 2513 431 2580 occasione
452 2513 536 2582 data
547 2512 729 2578 materiam
744 2511 951 2593 institutam,
972 2533 1047 2578 oum
1060 2533 1273 2599 exponemus,

147 2615 452 2710 quemadmodum
438 2614 658 2682 Herodotus'
642 2631 719 2732 'rpse
732 2635 863 2702 quoque
877 2614 942 2679 illa
955 2613 1120 2680 orationis
1141 2613 1273 2701 lumina

147 2724 182 2804 et
204 2717 477 2813 quodammodo
467 2718 618 2816 msignia
639 2740 708 2801 ram
722 2723 803 2784 ante
817 2715 1050 2806 Thucydidem
1066 2695 1271 2807 adhibuerit

146 2845 246 2912 porro
268 2822 496 2910 tractabimus
518 2827 570 2910 11,
587 2820 725 2910 quod
696 2843 770 2908 erqo
791 2819 868 2907 fieri
887 2818 1025 2908 poterit,
1050 2819 1275 2906 absolvemus

148 2923 267 3010 Neque
288 2947 415 3008 vereor,
440 2947 483 3000 m
504 2947 575 3000 reu
597 2923 760 3014 inutilem
779 2923 837 2997 vel
858 2944 1147 3012 supervacaneam
1169 2922 1206 2991 in
1221 2945 1277 2993 me

150 3026 362 3114 susceperim,
385 3033 567 3116 propterea
589 3025 679 3114 quod
699 3031 735 3091 et
756 3024 827 3091 viri
848 3025 941 3091 docti
962 3027 1050 3101 hano
1071 3025 1181 3113 ipsam
1202 3049 1274 3102 rem

147 3127 208 3194 vix
229 3129 348 3221 paucis
377 3129 492 3220 verbis
523 3128 802 3217 perstrinxerunt
836 3133 872 3193 et
902 3149 978 3219 eam
1008 3127 1274 3223 disputationem

147 3221 256 3327 ippum
279 3253 409 3328 quoque
432 3231 566 3322 aliquid
588 3230 633 3324 ad
655 3228 908 3324 explanqndum
931 3229 1121 3331 figurarum
1151 3254 1272 3322 ornan·

146 3334 234 3402 tium
263 3335 354 3423 apud
384 3335 516 3403 solutae
547 3334 712 3403 orationis
742 3332 925 3429 scriptores
947 3333 1076 3423 saeculi
1108 3334 1222 3431 quinti
1243 3356 1274 3406 a,

148 3441 183 3508 C·
206 3463 240 3520 n·
263 3439 540 3520 mercemur
559 3460 657 3526 pocae
675 3441 770 3532 puto,

249 3542 314 3608 Sed
345 3543 544 3630 priusquam
576 3539 620 3607 ud
647 3540 757 3628 ipsam
784 3562 856 3608 rem
878 3539 1045 3623 11111111,
1076 3539 1120 3607 (11
1142 3541 1221 3619 vite·
1239 3546 1277 3608 et

147 3644 188 3711 de
214 3650 383 3734 tempore,
417 3667 482 3733 quo
510 3643 704 3710 Herodotus
732 3643 903 3710 historias
925 3663 1005 3709 suns
1041 3644 1273 3730 composuerit,

147 3745 315 3847 quatenus
338 3748 472 3851 quidem
500 3747 544 3830 ad
566 3733 653 3842 liano
686 3745 917 3841 quaestionem
949 3745 1139 3841 pertinent,
1165 3768 1276 3836 peuce

148 3852 368 3951 praemittere
390 3851 506 3921 liceat.
553 3817 670 3946 Atque
692 3855 832 3947 praeter
854 3870 903 3942 11,
934 3870 1021 3947 quae
1045 3871 1087 3924 ex
1108 3847 1276 3944 Herodoti
1388 3915 1392 3921 ,
1515 3882 1516 3933 1

147 3955 260 4045 insius
276 3953 379 4034 libris
397 3935 511 4040 ostiu
531 3956 620 4035 sunt
653 3973 826 4052 11111111,
854 3973 979 4036 eorum.
1012 3973 1106 4039 quae
1131 3951 1172 4032 da
1203 3951 1282 4032 eius

147 4058 223 4128 vita
253 4062 387 4125 veteres
418 4053 601 4122 memoriae
635 4054 870 4138 tradiderunt,
917 4076 991 4121 eam
1030 4053 1278 4137 auctoritatem

605 4173 876 4287 fflrifflm
