3042 4592
605 204 802 276 ..17-

137 434 263 502 sasque
286 412 323 479 in
345 433 386 479 ea
417 413 510 495 urbe,
534 410 659 501 quippe
682 428 770 496 quac
796 406 932 486 „domus
954 406 1187 493 doctrinae“²)
1210 405 1269 472 ha·

142 513 291 584 teretur.
336 505 465 598 Quodsi
487 512 636 601 Gorgias
656 512 750 579 inter
774 533 880 579 annos
901 512 967 581 444
988 514 1025 578 et
1046 511 1111 580 440
1128 508 1194 593 (01.
1212 509 1269 593 84)

137 623 227 686 teste
257 616 498 707 Olympiodoro
530 616 636 703 (Anu.
666 615 751 704 phil.
781 614 891 702 suppl.
914 612 1005 680 XIV
1027 613 1112 684 1848
1133 634 1165 700 p.
1189 612 1268 696 112)

137 721 227 789 illud
249 744 332 810 opus
353 719 622 810 philosophicum
645 717 712 806 περί
735 718 856 806 φύσεως
872 714 1109 805 Empedoclem
1131 719 1269 783 secutus

138 823 377 913 conscripsit²)
400 827 436 891 et
458 822 576 912 paucis
598 822 697 890 annis
717 828 795 911 post
815 826 878 889 aut
898 819 936 886 in
958 819 1075 908 patria
1097 822 1160 886 aut
1183 817 1269 884 alibi
1324 856 1327 858 ψ

138 933 250 996 artem
281 926 487 994 rhetoricam
519 925 677 1011 excoluit,
709 924 929 1009 Herodotum,
961 922 1086 1012 quippo
1116 921 1175 1011 qui
1207 922 1270 988 snb

140 1032 232 1099 idem
259 1037 393 1119 tempus
415 1030 458 1096 ab
480 1029 533 1096 01.
556 1030 598 1100 83
620 1030 692 1096 fere
715 1028 758 1096 ad
789 1027 842 1095 Ol.
872 1029 915 1099 88
947 1024 1109 1094 historias
1141 1045 1269 1112 compo·

141 1140 249 1221 neret,
283 1157 326 1201 cx
347 1137 424 1200 arto
447 1132 608 1200 Leontini
631 1131 815 1222 quidquam
838 1128 1034 1199 assumsisse
1055 1151 1078 1195 a
1100 1126 1268 1195 verisimi-

139 1237 288 1305 litudine
309 1234 464 1326 equidem
486 1239 569 1324 puto
592 1234 785 1302 abhorrere.
830 1234 930 1301 Adde
951 1231 1048 1322 quod,
1072 1232 1102 1299 si
1123 1229 1271 1298 Herodo-

139 1345 234 1408 toum
249 1336 384 1406 dicendi
396 1359 504 1425 genus
516 1359 593 1404 cum
609 1336 756 1424 Gorgieo
770 1335 988 1426 comparabis,
1004 1334 1215 1403 Herodotum
1229 1338 1271 1400 nt

140 1443 207 1510 illa
238 1441 404 1510 orationis
434 1441 567 1508 lumina
596 1441 638 1509 de
660 1440 832 1509 industria
853 1438 1011 1531 quaesita
1032 1438 1150 1505 crebro
1174 1436 1276 1504 ochi--

140 1544 263 1629 baisse,
286 1543 339 1612 ita
361 1543 410 1610 ais
431 1565 499 1610 non
515 1543 720 1612 insolentius
738 1545 880 1612 abusum
894 1562 964 1610 esso
990 1563 1098 1630 nequa
1120 1563 1182 1630 pro
1202 1562 1271 1608 ma·

142 1647 325 1736 gnitudine
339 1645 450 1736 operis
463 1646 549 1714 satis
564 1648 676 1715 multa
689 1647 844 1737 exempla
857 1645 1008 1714 inveniri
1020 1666 1115 1734 possa
1129 1643 1269 1711 videbis.

142 1749 307 1837 Gorgiam
337 1755 452 1816 autem
483 1750 596 1818 inanis
624 1771 724 1840 saepe
745 1749 912 1818 orationis
933 1752 1076 1816 ornatus
1097 1767 1200 1816 causa
1223 1747 1273 1814 eis

140 1852 395 1921 festivitatibus
409 1853 671 1941 intemperatius
687 1877 785 1922 usum
807 1875 878 1921 esse
899 1852 977 1944 quis
990 1857 1043 1920 ast
1056 1852 1116 1941 qui
1130 1850 1272 1919 nesciat.

139 1957 164 2026 J
166 1977 301 2025 amvaro
323 1955 396 2024 loco
410 1956 584 2044 aptissimo
597 1956 733 2024 caedem
745 1956 878 2045 figurae
894 1957 937 2023 ab
949 1955 1124 2023 Herodoto
1140 1954 1272 2043 positae

140 2065 231 2128 sunt.
269 2060 367 2142 Quae
388 2079 488 2147 saepe
510 2058 546 2125 in
569 2059 781 2126 contionibus
798 2059 871 2126 sive
884 2059 1135 2146 sermonibus‚³)
1148 2058 1185 2124 in
1200 2078 1273 2125 sen·

140 2162 262 2231 tentiis
271 2165 442 2250 (γνώμαις),
459 2166 521 2229 aut
535 2162 596 2229 nbi
606 2161 768 2229 civitates
785 2161 842 2231 vel
855 2161 1006 2229 homines
1019 2165 1271 2251 comparantur,

245 2370 267 2439 ¹)
285 2371 319 2423 cf.
335 2370 403 2424 illud
420 2371 546 2424 Periclis:
568 2367 691 2435 „turaldo
705 2388 733 2424 τι
751 2369 818 2442 λέγω
837 2371 884 2444 τὴν
901 2375 983 2424 πᾶσαν
1000 2369 1073 2424 πόλιν
1090 2374 1137 2442 τῆς
1150 2366 1276 2430 ‘Ductor

141 2455 266 2511 παίδευσιν
285 2457 347 2512 εἶναι
368 2458 504 2528 (Thucyd.
522 2459 556 2523 ΙΙ,
574 2457 629 2530 41).

245 2542 267 2613 ¹)
285 2547 318 2598 V.
345 2561 414 2613 quae
437 2547 542 2598 monuit
569 2545 702 2597 Susamihl
728 2543 770 2612 (in
793 2545 861 2595 Ann
886 2544 951 2611 phil.
970 2541 1038 2598 1877
1054 2561 1080 2611 p.
1100 2539 1152 2594 795
1168 2559 1227 2610 sqq.
1246 2550 1273 2596 ot

141 2631 170 2680 in
188 2633 389 2696 quaestionibus
407 2635 509 2700 epicrit.
527 2629 596 2684 1884
609 2632 759 2699 Gryphisrr.
771 2648 797 2698 p.
809 2631 880 2699 XX),
897 2629 1016 2682 Dielsius
1034 2647 1060 2697 p.
1079 2625 1137 2692 ³67,
1154 2628 1272 2681 Blass.I

142 2734 168 2784 p.
186 2715 221 2768 47
240 2734 300 2785 sqq.

250 2806 271 2874 ⁸)
290 2801 429 2861 Nonnulla
449 2821 483 2861 ex
510 2803 682 2861 orationibus
710 2804 753 2859 rel
783 2802 955 2859 sermonibus
982 2801 1118 2858 Herodoti
1147 2801 1274 2870 exempla

143 2890 289 2948 afferamus
318 2907 404 2964 saque
422 2895 513 2963 prima
539 2893 677 2949 antitheta
702 2893 724 2960 1,
743 2907 767 2948 o.
789 2894 839 2946 126
857 2894 904 2965 τὴν
924 2894 969 2962 μὲν
987 2891 1155 2964 προτέρην
1174 2890 1273 2962 ἡμέρην

117 2979 120 2986 “
143 2981 225 3032 πάντα
244 2993 287 3050 σφι
306 2981 397 3034 acad
425 2981 520 3054 Ιχιιν,Ι
542 2983 589 3053 τὴν
608 2980 643 3035 δὲ
661 2979 736 3034 τότε
761 2985 903 3052 παριοῦσαν
920 2982 1001 3034 πάντα
1020 2978 1165 3052 andan
1188 2978 1276 3033 σ.210

143 3065 197 3118 ἀντὶ
211 3066 256 3136 μίν
275 3066 405 3124 δούλοιν
418 3071 536 3144 Ιποίησας
554 3069 757 3142 ἐλευθέρους
773 3067 869 3142 Πέρσας
882 3053 951 3131 εἶναι,
966 3068 972 3138 Ι
988 3069 1043 3122 ἀντὶ
1064 3065 1276 3139 θὲᾶρχεσθαι

143 3153 186 3207 ὑπ’
216 3154 301 3209 ἄλλων
328 3157 444 3230 ἄρχειν
467 3158 595 3215 ἁπάντων.
613 3161 624 3226 ΙΙ
655 3159 691 3226 ΙΙ,
710 3173 733 3212 o.
752 3158 804 3212 122
829 3159 861 3210 τὰ
888 3160 933 3227 μὲν
951 3163 1046 3211 νιαᾶν
1065 3156 1229 3228 αὐτήν,1τὰ
1248 3155 1275 3208 n

142 3241 325 3298 ἑσσοῦσθαι
344 3243 387 3298 ‘on'
406 3245 493 3318 αὐτῆς.
506 3249 517 3314 ΙΙ
539 3246 586 3314 ΙΙΙ,
607 3262 630 3300 e.
655 3247 666 3300 l
688 3246 728 3298 Ινα
747 3244 764 3317 ἢ
784 3245 842 3304 δοὺς
860 3246 951 3315 ἀνιῷτο
966 3245 1003 3316 Ιὴ
1024 3247 1060 3317 μὴ
1080 3244 1185 3302 δοὺς-
1197 3243 1274 3316 ἀντίχ-

145 3329 225 3386 θοιτο.
238 3336 250 3400 ΙΙ
263 3332 363 3388 ibidem
382 3334 435 3406 εἶχε
453 3333 511 3387 οὔτε
530 3333 615 3387 δοῦναι
630 3337 636 3404 1
652 3333 709 3388 οὔτε
728 3331 892 3409 ἀρνήσασθαι.
928 3348 950 3385 c.
965 3336 1001 3386 lo
1018 3332 1048 3385 τὸ
1069 3333 1155 3402 μένει
1173 3331 1276 3405 atropi-

150 3439 192 3485 ειν,
208 3423 214 3489 Ι
229 3421 260 3474 τὸ
280 3421 307 3474 δὲ
326 3423 493 3494 προσπταίειν.
506 3425 517 3490 ΙΙ
537 3439 560 3478 c.
576 3425 611 3478 53
629 3423 718 3477 πολλοὶ
737 3423 764 3476 δὲ
782 3421 832 3495 ἤδη
852 3422 891 3474 τὰ
910 3421 1063 3493 μητρώια
1082 3420 1208 3493 διζήμενοι
1224 3421 1229 3488 Ι
1244 3422 1276 3473 τὰ

143 3510 295 3581 πατρώια
315 3510 448 3582 ἀπίβαλον.
485 3514 556 3566 αδδ
575 3511 623 3566 είτι
647 3511 715 3582 θόλῳ
742 3511 858 3584 Ιχουσι
887 3509 991 3581 αὐτὴν
1017 3511 1244 3580 κτησάμενοι,
1268 3511 1272 3578 ί

146 3597 214 3668 δόλῳ
233 3599 471 3672 ἀπαιρεθῆναι,
485 3604 496 3668 ΙΙ
510 3599 558 3654 εἴτε
586 3602 629 3655 nni
643 3598 724 3654 σθίνεῖ
742 3618 793 3670 τεῳ
812 3600 1080 3669 κατεργασάμενοι,
1095 3600 1101 3664 Ι
1117 3595 1199 3652 σθένεϊ
1208 3599 1275 3651 κατὰ

143 3685 172 3739 τὸ
192 3685 314 3757 καρτερὸν
333 3687 590 3744 ἀνασώσασθαι.
603 3691 614 3755 ΙΙ
636 3703 658 3742 c.
671 3691 705 3742 72
724 3688 805 3741 πολλοί
833 3686 884 3738 ἐστι
902 3686 934 3738 τὰ
951 3685 1038 3756 λόγῳ
1058 3686 1104 3755 μὲν
1122 3684 1170 3738 οὒκ
1189 3684 1230 3737 οἶά
1248 3702 1276 3737 τι

143 3773 264 3846 δηλῶσαι,
280 3774 286 3844 Ι
301 3773 389 3846 Ιρρῳ
410 3776 453 3830 δέ,
472 3779 484 3843 ΙΙ
504 3777 568 3830 ἄλλα
592 3775 615 3828 δ’
634 3777 685 3829 ἐστὶ
703 3778 744 3829 τὰ
762 3776 848 3846 λόγῳ
869 3777 914 3844 μὲν
934 3774 974 3827 ota
992 3793 1028 3836 τε,
1044 3777 1049 3841 ί
1065 3772 1163 3844 ἔργον
1182 3771 1215 3826 δὲ
1234 3773 1276 3826 ot-

143 3863 183 3916 ὀὲν
202 3862 246 3916 ἀπ’
265 3861 351 3915 αὐτῶν
370 3864 487 3936 λαμπρὸν
505 3866 604 3936 γίνεται.
617 3872 630 3930 ΙΙ
643 3882 665 3920 c.
676 3868 711 3920 80
729 3863 868 3937 φθονέει
886 3865 932 3935 γὰρ
951 3869 1014 3914 τοῖσι
1031 3861 1202 3934 ἀρίστοισι
1221 3861 1272 3929 -Ι

143 3953 255 4025 χαίρει
274 3950 301 4004 δὲ
319 3959 381 4006 τοῖσι
400 3954 600 4008 κακίστοισι
618 3956 774 4008 τῶνάστῶν.
788 3956 799 4019 ΙΙ
813 3969 836 4007 c.
852 3955 900 4006 127
912 3949 1071 4024 ἔφυγονοῦτε
1089 3950 1252 4022 πρότερον
1268 3950 1271 4017 ί

143 4041 268 4096 odricus
288 4042 320 4093 σὲ
339 4041 432 4114 petro).
446 4045 458 4109 Ιί
471 4043 554 4097 c.201
571 4044 607 4103 ὡς
620 4045 685 4097 κατὰ
704 4045 763 4112 μὲν
782 4043 815 4094 τὸ
836 4039 975 4113 ἰσχυρὸν
995 4039 1042 4093 οὒκ
1056 4039 1177 4110 αἱρετοὶ
1195 4039 1272 4110 altat
