3042 4592
713 257 902 327 -12..

242 468 378 553 piatum
403 471 614 550 quemquam
626 462 668 529 de
690 462 881 549 figurarum
897 483 962 530 usu
983 462 1147 529 iudicium
1168 461 1371 551 protulissa¹⁴

241 571 286 655 (p.
310 567 366 654 20)
389 587 567 655 perperam
589 570 706 654 negat,
738 565 946 632 sententiam
976 565 1121 632 similem
1152 564 1373 652 proferamus.

242 668 312 750 Qui
333 669 371 737 in
395 667 670 755 „quaestionibus
698 666 851 736 selectis¹⁸
877 691 908 756 p.
924 670 994 738 set
1014 690 1047 756 p.
1070 669 1092 737 5
1113 668 1243 736 statuit
1265 669 1372 737 Hero·

241 770 359 839 dotum
384 770 577 849 „rhetorum
604 776 789 860 praecepta
817 777 971 839 secutum
1003 770 1177 840 schemata
1205 771 1372 859 quaedam

243 875 287 941 ab
308 872 381 940 illis
402 873 547 942 inventa
562 871 730 959 valdeque
749 875 983 941 commendate
996 877 1100 961 atque
1114 875 1158 941 ab
1172 874 1374 961 aequalibus

242 976 462 1046 vehementer
491 976 709 1063 comprobata
740 976 784 1043 ad
814 977 1001 1044 orationem
1031 976 1219 1044 ornandam
1238 977 1375 1045 ratione

243 1079 456 1148 adhibuisee“
474 1083 577 1165 atque
592 1078 722 1166 figuras
740 1085 903 1149 ornantes
924 1081 1113 1168 (ἀντιθέσεις,
1129 1081 1251 1168 πάρισα,
1268 1083 1374 1166 ὁμοιο-

241 1184 374 1269 τέλεοτα,
395 1186 593 1271 παρηχήσεις,
620 1185 871 1272 παρονομασιάς)
894 1189 931 1252 et
954 1186 1140 1254 incitantes
1162 1185 1372 1273 (anaphorica

242 1289 377 1372 formas,
401 1285 580 1377 asyndete‚
603 1286 843 1377 polysyndeta,
867 1288 948 1372 elia,
975 1312 1006 1378 p.
1022 1290 1063 1359 21
1078 1308 1149 1375 sqq.
1173 1298 1373 1374 enumerat3

242 1391 319 1478 quia
340 1395 455 1459 autem
476 1390 653 1459 rhetorum
673 1391 791 1476 fuerit,
822 1413 922 1478 quem
944 1391 1137 1460 Herodotus
1158 1394 1369 1478 aequaretur,
1447 1416 1451 1421 ·

242 1494 342 1563 nulla
363 1495 405 1561 fit
427 1493 563 1562 mentio.

349 1599 403 1664 Ae
431 1597 472 1665 de
494 1595 629 1665 iudiciis
651 1619 672 1663 a
693 1597 825 1665 criticis
855 1597 1029 1666 veteribus
1060 1604 1097 1665 et
1127 1597 1375 1666 recentioribus

242 1699 347 1770 factis
377 1700 552 1768 hactenus.
607 1699 804 1768 Proximum
834 1705 895 1785 est,
937 1705 978 1767 ut
1016 1701 1246 1787 anquiramns‚
1293 1723 1376 1767 num
1424 1717 1427 1722 ·

242 1804 385 1891 figurae,
430 1824 517 1890 quae
554 1823 575 1868 a
609 1803 846 1890 grammaticis
887 1803 1094 1890 ,Θαψίων
1141 1803 1371 1892 appellantur,

243 1904 335 1996 apud
368 1905 579 1973 Herodotum
621 1911 757 1974 enatent
791 1911 827 1974 et
861 1906 1024 1993 quomodo
1067 1905 1245 1974 adhibitae
1292 1907 1373 1974 sint.

243 2011 397 2093 Quarum
419 2010 608 2096 figurarum
629 2009 825 2077 ornantium
852 2031 957 2099 usque
988 2008 1032 2076 ed
1052 2009 1255 2077 Aristotelis
1277 2015 1371 2078 aeta·

242 2119 313 2181 tem
333 2112 424 2180 solas
443 2117 542 2181 notas
563 2112 668 2180 fuisse
683 2112 760 2180 has:
786 2113 954 2195 ἀντίθεσιν,
968 2114 1143 2200 πορίσασιν,
1157 2115 1373 2201 παρομοίανσιν,

243 2237 284 2283 ac
306 2238 347 2284 ne
370 2238 392 2282 a
413 2215 544 2300 Gorgia
566 2214 699 2304 quidem
722 2216 870 2305 plures1)
902 2215 1051 2283 usitatas
1072 2238 1143 2284 essa
1172 2217 1294 2286 velex
1325 2216 1376 2286 eis

245 2325 397 2411 apparet,
436 2340 522 2408 quae
553 2318 762 2387 Aristotelea
791 2320 922 2407 Gorgia
951 2342 1019 2387 non
1040 2319 1214 2389 nominato
1236 2321 1273 2388 in
1297 2327 1375 2390 arte

244 2423 332 2491 rhet.
346 2422 413 2506 ΠΙ,
437 2424 466 2508 9,
492 2423 576 2495 1410
602 2473 610 2507 ,
634 2425 653 2494 1
676 2445 746 2511 sqq.
771 2422 813 2491 de
835 2423 884 2490 eis
905 2422 990 2511 ipsis
1014 2423 1137 2512 figuris
1159 2423 1255 2492 dicit.
1299 2425 1375 2507 Quo

245 2524 317 2594 loco
338 2525 474 2594 nomine
499 2527 764 2614 ,παρομσάοσις“
796 2528 840 2593 ab
873 2525 988 2594 eodem
1012 2526 1271 2616 comprehensae
1293 2533 1376 2596 aunt

246 2652 307 2699 eac
329 2631 471 2718 figurae,
496 2651 582 2720 quae
604 2631 648 2698 ab
671 2627 750 2696 aliis
772 2627 996 2716 scriptoribus
1018 2629 1265 2698 recentioribus
1287 2630 1372 2699 Gor·

245 2734 324 2823 giae
346 2734 564 2802 tribuuntur:
595 2733 823 2820 παρονομασίαι,
847 2734 1065 2819 ὁμοιοτέλευτα,
1088 2735 1316 2822 παρηχήσεις,’)
1339 2732 1374 2800 id

245 2838 333 2926 quod
367 2837 470 2905 facile
504 2836 664 2924 intellegi
698 2840 812 2924 potest
848 2857 890 2903 ex
919 2836 973 2904 his
1002 2836 1117 2904 eodem
1148 2839 1221 2906 loeo
1251 2835 1373 2904 allatis

245 2940 416 3030 exemplis.
483 2939 634 3026 Gorgiea
676 2939 913 3029 paronomasia
959 2947 1104 3030 apparet
1148 2943 1233 3013 1410
1241 2959 1268 3026 ⁸,
1313 2942 1370 3013 29:

246 3045 363 3134 ἀγρὸν
386 3041 444 3131 γὰρ
467 3042 572 3132 ἔλαβεν
595 3043 715 3130 ἀργὸν
736 3039 908 3132 παράὖτοῦ.

244 3149 291 3217 ib.
315 3149 434 3231 14102,
457 3149 499 3218 31
521 3141 668 3235 ᾠήθησαν
691 3147 781 3215 αὐτὸν
802 3151 972 3216 παιδίον
993 3149 1213 3224 τετοκέναι,

441 3245 626 3317 ἀλλάθτοῦ
649 3248 784 3318 αἴτιον
805 3255 1029 3340 γεγονέναι,
1055 3249 1208 3319 continet
1222 3250 1374 3318 homoeo-

1013 3355 1147 3423 teleuta
1168 3360 1205 3421 et
1224 3354 1351 3444 pariae.

246 3457 290 3527 ib.
317 3460 435 3544 14:10⁸,
459 3461 510 3544 33,
534 3461 576 3531 34
600 3457 679 3533 ἄξιος
702 3458 736 3524 δὲ
759 3461 906 3547 σταθῆναι
926 3463 1112 3549 χαλκοῦς,

444 3562 513 3628 οὐκ
535 3561 643 3636 ἄξιος
667 3565 708 3628 ὢν
729 3565 901 3650 χαλκοῦς
933 3562 1071 3651 parison
1092 3581 1167 3628 oum
1194 3557 1370 3649 paracheai

246 3739 452 3754 μ

351 3840 373 3910 ¹)
400 3840 433 3893 ci.
461 3855 530 3908 quac
553 3840 664 3892 Isocrat.
691 3856 730 3892 or.
753 3837 813 3904 ΧΠ,
847 3836 917 3894 2331)
941 3839 975 3890 de
998 3837 1053 3890 illia
1075 3837 1169 3906 figuris
1191 3838 1284 3890 sentit:
1314 3833 1377 3900 „aba

249 3929 341 4000 ὀλίγον
371 3925 519 3982 ἀντιθέσεων
547 3926 591 3979 καὶ
621 3925 785 3998 παρισώσεων
817 3924 861 3978 καὶ
891 3929 943 3979 τῶν
970 3924 1055 3979 ἄλλων
1085 3923 1160 3978 {baira
1191 3929 1244 3978 τῶν
1270 3922 1296 3976 ἐν
1322 3927 1377 3980 ταῖς

249 4017 387 4090 ῥητορείαις
405 4016 626 4085 trecorensem

351 4105 373 4174 ¹)
392 4107 424 4159 V.
442 4119 510 4171 quae
527 4104 559 4156 tie
577 4103 620 4155 hia
637 4102 729 4170 figuris
747 4099 975 4168 dimunitio
992 4095 1028 4151 30
1045 4092 1167 4164 setabi
1184 4110 1243 4162 sqq.
